day,timestamp,product,bid_price_1,bid_volume_1,bid_price_2,bid_volume_2,bid_price_3,bid_volume_3,ask_price_1,ask_volume_1,ask_price_2,ask_volume_2,ask_price_3,ask_volume_3,mid_price,profit_and_loss
0,0,BANANAS,4893.0,1.0,4892.0,30.0,,,4899.0,30.0,,,,,4896.0,0.0
0,100,BANANAS,4892.0,31.0,,,,,4896.0,7.0,4898.0,31.0,,,4894.0,0.0
0,200,BANANAS,4892.0,22.0,,,,,4899.0,22.0,,,,,4895.5,0.0
0,300,BANANAS,4893.0,25.0,,,,,4899.0,2.0,4900.0,23.0,,,4896.0,0.0
0,400,BANANAS,4894.0,5.0,4893.0,25.0,,,4899.0,25.0,,,,,4896.5,0.0
0,500,BANANAS,4893.0,24.0,,,,,4899.0,24.0,,,,,4896.0,27.28125
0,600,BANANAS,4892.0,26.0,,,,,4897.0,9.0,4899.0,26.0,,,4894.5,35.04296875
0,700,BANANAS,4892.0,7.0,4891.0,27.0,,,4898.0,27.0,,,,,4895.0,42.83203125
0,800,BANANAS,4891.0,26.0,,,,,4898.0,26.0,,,,,4894.5,45.484375
0,900,BANANAS,4892.0,2.0,4891.0,27.0,,,4898.0,29.0,,,,,4895.0,41.75390625
0,1000,BANANAS,4891.0,28.0,,,,,4897.0,2.0,4898.0,26.0,,,4894.0,47.8828125
0,1100,BANANAS,4891.0,25.0,,,,,4898.0,25.0,,,,,4894.5,46.28515625
0,1200,BANANAS,4892.0,9.0,4891.0,30.0,,,4898.0,30.0,,,,,4895.0,45.55078125
0,1300,BANANAS,4891.0,1.0,4890.0,27.0,,,4892.0,4.0,4897.0,28.0,,,4891.5,51.4140625
0,1400,BANANAS,4891.0,1.0,4890.0,24.0,,,4897.0,26.0,,,,,4894.0,48.6015625
0,1500,BANANAS,4896.0,1.0,4891.0,2.0,4890.0,20.0,4897.0,22.0,,,,,4896.5,48.234375
0,1600,BANANAS,4891.0,23.0,,,,,4897.0,23.0,,,,,4894.0,49.734375
0,1700,BANANAS,4890.0,27.0,,,,,4893.0,2.0,4897.0,27.0,,,4891.5,51.3046875
0,1800,BANANAS,4891.0,2.0,4890.0,25.0,,,4897.0,27.0,,,,,4894.0,51.77734375
0,1900,BANANAS,4890.0,31.0,,,,,4897.0,31.0,,,,,4893.5,55.36328125
0,2000,BANANAS,4890.0,26.0,,,,,4895.0,7.0,4896.0,1.0,4897.0,25.0,4892.5,58.046875
0,2100,BANANAS,4890.0,23.0,,,,,4897.0,23.0,,,,,4893.5,60.0859375
0,2200,BANANAS,4890.0,2.0,4889.0,30.0,,,4896.0,32.0,,,,,4893.0,62.421875
0,2300,BANANAS,4890.0,2.0,4889.0,22.0,,,4896.0,24.0,,,,,4893.0,115.0625
0,2400,BANANAS,4894.0,3.0,4890.0,6.0,4889.0,23.0,4896.0,25.0,,,,,4895.0,114.625
0,2500,BANANAS,4890.0,21.0,,,,,4891.0,5.0,4896.0,1.0,4897.0,20.0,4890.5,106.84375
0,2600,BANANAS,4889.0,25.0,,,,,4896.0,25.0,,,,,4892.5,109.0625
0,2700,BANANAS,4890.0,10.0,4889.0,24.0,,,4896.0,25.0,,,,,4893.0,109.546875
0,2800,BANANAS,4895.0,1.0,4891.0,5.0,4890.0,29.0,4897.0,29.0,,,,,4896.0,90.96875
0,2900,BANANAS,4891.0,25.0,,,,,4897.0,25.0,,,,,4894.0,69.0
0,3000,BANANAS,4891.0,31.0,,,,,4897.0,31.0,,,,,4894.0,67.484375
0,3100,BANANAS,4891.0,27.0,,,,,4897.0,2.0,4898.0,26.0,,,4894.0,61.46875
0,3200,BANANAS,4891.0,32.0,,,,,4896.0,6.0,4898.0,32.0,,,4893.5,38.734375
0,3300,BANANAS,4891.0,28.0,,,,,4897.0,2.0,4898.0,26.0,,,4894.0,54.421875
0,3400,BANANAS,4891.0,29.0,,,,,4897.0,2.0,4898.0,27.0,,,4894.0,54.078125
0,3500,BANANAS,4891.0,30.0,,,,,4896.0,9.0,4897.0,2.0,4898.0,28.0,4893.5,54.03125
0,3600,BANANAS,4891.0,21.0,,,,,4898.0,21.0,,,,,4894.5,58.59375
0,3700,BANANAS,4892.0,31.0,,,,,4896.0,6.0,4898.0,31.0,,,4894.0,28.796875
0,3800,BANANAS,4892.0,30.0,,,,,4898.0,1.0,4899.0,29.0,,,4895.0,18.71875
0,3900,BANANAS,4893.0,1.0,4892.0,25.0,,,4898.0,25.0,,,,,4895.5,29.109375
0,4000,BANANAS,4892.0,2.0,4891.0,27.0,,,4898.0,29.0,,,,,4895.0,37.828125
0,4100,BANANAS,4892.0,24.0,,,,,4899.0,24.0,,,,,4895.5,7.484375
0,4200,BANANAS,4892.0,26.0,,,,,4893.0,10.0,4899.0,28.0,,,4892.5,-7.375
0,4300,BANANAS,4892.0,31.0,,,,,4899.0,31.0,,,,,4895.5,-30.640625
0,4400,BANANAS,4892.0,26.0,,,,,4899.0,27.0,,,,,4895.5,-41.21875
0,4500,BANANAS,4892.0,27.0,,,,,4899.0,27.0,,,,,4895.5,-43.421875
0,4600,BANANAS,4893.0,1.0,4892.0,21.0,,,4899.0,22.0,,,,,4896.0,-38.890625
0,4700,BANANAS,4892.0,27.0,,,,,4893.0,8.0,4899.0,27.0,,,4892.5,-46.53125
0,4800,BANANAS,4898.0,1.0,4893.0,1.0,4892.0,24.0,4899.0,25.0,,,,,4898.5,-78.78125
0,4900,BANANAS,4893.0,22.0,,,,,4899.0,22.0,,,,,4896.0,-84.28125
0,5000,BANANAS,4893.0,4.0,4892.0,22.0,,,4899.0,23.0,,,,,4896.0,-75.0625
0,5100,BANANAS,4894.0,7.0,4893.0,25.0,,,4899.0,25.0,,,,,4896.5,-95.625
0,5200,BANANAS,4893.0,24.0,,,,,4900.0,24.0,,,,,4896.5,-122.8125
0,5300,BANANAS,4893.0,25.0,,,,,4900.0,25.0,,,,,4896.5,-137.125
0,5400,BANANAS,4894.0,27.0,,,,,4899.0,8.0,4901.0,27.0,,,4896.5,-202.8125
0,5500,BANANAS,4895.0,1.0,4894.0,29.0,,,4901.0,30.0,,,,,4898.0,-212.90625
0,5600,BANANAS,4896.0,8.0,4895.0,27.0,,,4901.0,1.0,4902.0,26.0,,,4898.5,-245.9375
0,5700,BANANAS,4897.0,2.0,4896.0,4.0,4895.0,25.0,4901.0,25.0,,,,,4899.0,-230.0
0,5800,BANANAS,4900.0,1.0,4895.0,10.0,4894.0,24.0,4901.0,24.0,,,,,4900.5,-207.3125
0,5900,BANANAS,4895.0,21.0,,,,,4901.0,21.0,,,,,4898.0,-231.0
0,6000,BANANAS,4895.0,2.0,4894.0,22.0,,,4901.0,24.0,,,,,4898.0,-221.34375
0,6100,BANANAS,4895.0,1.0,4894.0,24.0,,,4899.0,2.0,4901.0,25.0,,,4897.0,-216.0
0,6200,BANANAS,4894.0,29.0,,,,,4895.0,12.0,4901.0,30.0,,,4894.5,-217.96875
0,6300,BANANAS,4894.0,24.0,,,,,4901.0,25.0,,,,,4897.5,-221.0625
0,6400,BANANAS,4894.0,23.0,,,,,4901.0,23.0,,,,,4897.5,-209.15625
0,6500,BANANAS,4894.0,20.0,,,,,4901.0,20.0,,,,,4897.5,-225.875
0,6600,BANANAS,4894.0,27.0,,,,,4901.0,27.0,,,,,4897.5,-207.0625
0,6700,BANANAS,4894.0,28.0,,,,,4900.0,2.0,4901.0,26.0,,,4897.0,-126.5
0,6800,BANANAS,4894.0,1.0,4893.0,24.0,,,4899.0,1.0,4900.0,23.0,,,4896.5,-21.03125
0,6900,BANANAS,4898.0,1.0,4897.0,4.0,4893.0,28.0,4900.0,28.0,,,,,4899.0,-47.6875
0,7000,BANANAS,4894.0,9.0,4893.0,27.0,,,4900.0,29.0,,,,,4897.0,-82.75
0,7100,BANANAS,4893.0,30.0,,,,,4900.0,30.0,,,,,4896.5,-63.0
0,7200,BANANAS,4893.0,23.0,,,,,4899.0,2.0,4900.0,21.0,,,4896.0,-25.5
0,7300,BANANAS,4893.0,25.0,,,,,4898.0,4.0,4900.0,25.0,,,4895.5,-31.3125
0,7400,BANANAS,4894.0,30.0,,,,,4900.0,2.0,4901.0,28.0,,,4897.0,-117.4375
0,7500,BANANAS,4894.0,29.0,,,,,4901.0,29.0,,,,,4897.5,-168.0
0,7600,BANANAS,4895.0,2.0,4894.0,24.0,,,4901.0,26.0,,,,,4898.0,-188.375
0,7700,BANANAS,4900.0,1.0,4894.0,28.0,,,4901.0,28.0,,,,,4900.5,-178.375
0,7800,BANANAS,4900.0,1.0,4895.0,1.0,4894.0,22.0,4901.0,23.0,,,,,4900.5,-182.25
0,7900,BANANAS,4895.0,26.0,,,,,4900.0,4.0,4901.0,1.0,4902.0,25.0,4897.5,-218.6875
0,8000,BANANAS,4896.0,23.0,,,,,4902.0,23.0,,,,,4899.0,-325.8125
0,8100,BANANAS,4896.0,22.0,,,,,4902.0,22.0,,,,,4899.0,-330.0
0,8200,BANANAS,4896.0,20.0,,,,,4903.0,20.0,,,,,4899.5,-399.0625
0,8300,BANANAS,4897.0,7.0,4896.0,26.0,,,4903.0,27.0,,,,,4900.0,-420.9375
0,8400,BANANAS,4897.0,26.0,,,,,4904.0,26.0,,,,,4900.5,-453.25
0,8500,BANANAS,4899.0,5.0,4896.0,30.0,,,4903.0,30.0,,,,,4901.0,-415.5625
0,8600,BANANAS,4896.0,23.0,,,,,4903.0,23.0,,,,,4899.5,-355.0625
0,8700,BANANAS,4896.0,30.0,,,,,4898.0,1.0,4903.0,30.0,,,4897.0,-374.625
0,8800,BANANAS,4896.0,23.0,,,,,4897.0,4.0,4903.0,23.0,,,4896.5,-341.0625
0,8900,BANANAS,4896.0,27.0,,,,,4902.0,1.0,4903.0,26.0,,,4899.0,-332.125
0,9000,BANANAS,4895.0,23.0,,,,,4900.0,7.0,4902.0,23.0,,,4897.5,-296.8125
0,9100,BANANAS,4896.0,31.0,,,,,4899.0,3.0,4903.0,31.0,,,4897.5,-367.9375
0,9200,BANANAS,4896.0,24.0,,,,,4901.0,3.0,4903.0,24.0,,,4898.5,-370.0625
0,9300,BANANAS,4895.0,23.0,,,,,4902.0,23.0,,,,,4898.5,-304.4375
0,9400,BANANAS,4895.0,24.0,,,,,4902.0,24.0,,,,,4898.5,-270.625
0,9500,BANANAS,4897.0,9.0,4896.0,29.0,,,4902.0,1.0,4903.0,28.0,,,4899.5,-335.125
0,9600,BANANAS,4896.0,19.0,,,,,4902.0,20.0,,,,,4899.0,-325.6875
0,9700,BANANAS,4897.0,3.0,4896.0,25.0,,,4903.0,25.0,,,,,4900.0,-343.5625
0,9800,BANANAS,4895.0,21.0,,,,,4900.0,5.0,4902.0,21.0,,,4897.5,-286.25
0,9900,BANANAS,4895.0,22.0,,,,,4902.0,22.0,,,,,4898.5,-296.0
0,10000,BANANAS,4896.0,8.0,4895.0,31.0,,,4902.0,31.0,,,,,4899.0,-270.625
0,10100,BANANAS,4895.0,22.0,,,,,4902.0,22.0,,,,,4898.5,-281.5
0,10200,BANANAS,4895.0,25.0,,,,,4901.0,2.0,4902.0,23.0,,,4898.0,-229.6875
0,10300,BANANAS,4895.0,22.0,,,,,4896.0,4.0,4901.0,2.0,4902.0,20.0,4895.5,-234.375
0,10400,BANANAS,4895.0,30.0,,,,,4902.0,30.0,,,,,4898.5,-264.25
0,10500,BANANAS,4896.0,4.0,4895.0,28.0,,,4901.0,28.0,,,,,4898.5,-209.9375
0,10600,BANANAS,4895.0,23.0,,,,,4900.0,6.0,4902.0,23.0,,,4897.5,-251.5
0,10700,BANANAS,4896.0,1.0,4895.0,23.0,,,4902.0,23.0,,,,,4899.0,-233.0625
0,10800,BANANAS,4896.0,3.0,4895.0,23.0,,,4902.0,23.0,,,,,4899.0,-246.6875
0,10900,BANANAS,4895.0,1.0,4894.0,29.0,,,4901.0,30.0,,,,,4898.0,-180.75
0,11000,BANANAS,4894.0,30.0,,,,,4900.0,1.0,4901.0,29.0,,,4897.0,-110.8125
0,11100,BANANAS,4894.0,31.0,,,,,4899.0,4.0,4900.0,2.0,4901.0,29.0,4896.5,-98.625
0,11200,BANANAS,4894.0,29.0,,,,,4901.0,29.0,,,,,4897.5,-145.875
0,11300,BANANAS,4898.0,1.0,4894.0,27.0,,,4900.0,1.0,4901.0,26.0,,,4899.0,-95.875
0,11400,BANANAS,4895.0,3.0,4894.0,24.0,,,4900.0,1.0,4901.0,23.0,,,4897.5,-112.625
0,11500,BANANAS,4894.0,2.0,4893.0,28.0,,,4900.0,29.0,,,,,4897.0,-49.1875
0,11600,BANANAS,4892.0,26.0,,,,,4899.0,26.0,,,,,4895.5,47.625
0,11700,BANANAS,4893.0,22.0,,,,,4899.0,1.0,4900.0,21.0,,,4896.0,14.25
0,11800,BANANAS,4893.0,21.0,,,,,4900.0,21.0,,,,,4896.5,-15.4375
0,11900,BANANAS,4893.0,25.0,,,,,4900.0,25.0,,,,,4896.5,-26.875
0,12000,BANANAS,4893.0,25.0,,,,,4900.0,25.0,,,,,4896.5,-22.125
0,12100,BANANAS,4894.0,2.0,4893.0,20.0,,,4898.0,4.0,4900.0,22.0,,,4896.0,-59.875
0,12200,BANANAS,4894.0,12.0,4893.0,26.0,,,4900.0,28.0,,,,,4897.0,-55.875
0,12300,BANANAS,4893.0,24.0,,,,,4900.0,24.0,,,,,4896.5,-32.1875
0,12400,BANANAS,4893.0,30.0,,,,,4899.0,1.0,4900.0,29.0,,,4896.0,2.125
0,12500,BANANAS,4892.0,31.0,,,,,4899.0,31.0,,,,,4895.5,118.4375
0,12600,BANANAS,4893.0,5.0,4892.0,31.0,,,4898.0,1.0,4899.0,30.0,,,4895.5,128.75
0,12700,BANANAS,4892.0,31.0,,,,,4899.0,31.0,,,,,4895.5,104.8125
0,12800,BANANAS,4892.0,31.0,,,,,4896.0,3.0,4898.0,31.0,,,4894.0,169.375
0,12900,BANANAS,4892.0,24.0,,,,,4899.0,24.0,,,,,4895.5,149.875
0,13000,BANANAS,4892.0,27.0,,,,,4899.0,27.0,,,,,4895.5,88.5625
0,13100,BANANAS,4892.0,30.0,,,,,4899.0,30.0,,,,,4895.5,104.0625
0,13200,BANANAS,4892.0,28.0,,,,,4899.0,28.0,,,,,4895.5,111.375
0,13300,BANANAS,4898.0,1.0,4893.0,2.0,4892.0,26.0,4899.0,28.0,,,,,4898.5,55.3125
0,13400,BANANAS,4893.0,26.0,,,,,4900.0,26.0,,,,,4896.5,-21.9375
0,13500,BANANAS,4896.0,4.0,4893.0,30.0,,,4898.0,9.0,4900.0,30.0,,,4897.0,-22.8125
0,13600,BANANAS,4893.0,25.0,,,,,4899.0,2.0,4900.0,23.0,,,4896.0,24.6875
0,13700,BANANAS,4896.0,5.0,4893.0,30.0,,,4897.0,7.0,4899.0,30.0,,,4896.5,37.1875
0,13800,BANANAS,4893.0,25.0,,,,,4899.0,1.0,4900.0,24.0,,,4896.0,28.6875
0,13900,BANANAS,4893.0,20.0,,,,,4898.0,2.0,4900.0,20.0,,,4895.5,-11.3125
0,14000,BANANAS,4899.0,1.0,4894.0,27.0,,,4900.0,27.0,,,,,4899.5,-80.4375
0,14100,BANANAS,4894.0,2.0,4893.0,22.0,,,4900.0,24.0,,,,,4897.0,-60.8125
0,14200,BANANAS,4894.0,2.0,4893.0,22.0,,,4900.0,24.0,,,,,4897.0,-69.625
0,14300,BANANAS,4894.0,30.0,,,,,4900.0,30.0,,,,,4897.0,-89.5625
0,14400,BANANAS,4895.0,9.0,4894.0,23.0,,,4901.0,23.0,,,,,4898.0,-142.125
0,14500,BANANAS,4893.0,23.0,,,,,4894.0,1.0,4900.0,23.0,,,4893.5,-32.75
0,14600,BANANAS,4893.0,21.0,,,,,4898.0,3.0,4900.0,21.0,,,4895.5,-32.375
0,14700,BANANAS,4894.0,5.0,4893.0,26.0,,,4900.0,26.0,,,,,4897.0,-15.375
0,14800,BANANAS,4894.0,1.0,4893.0,21.0,,,4900.0,23.0,,,,,4897.0,-63.75
0,14900,BANANAS,4893.0,30.0,,,,,4898.0,8.0,4900.0,30.0,,,4895.5,-28.375
0,15000,BANANAS,4893.0,23.0,,,,,4894.0,1.0,4900.0,23.0,,,4893.5,-50.0625
0,15100,BANANAS,4899.0,1.0,4894.0,26.0,,,4900.0,1.0,4901.0,25.0,,,4899.5,-119.4375
0,15200,BANANAS,4896.0,3.0,4894.0,5.0,4893.0,23.0,4900.0,25.0,,,,,4898.0,-76.8125
0,15300,BANANAS,4894.0,3.0,4893.0,24.0,,,4900.0,24.0,,,,,4897.0,-16.8125
0,15400,BANANAS,4893.0,26.0,,,,,4897.0,4.0,4899.0,26.0,,,4895.0,45.3125
0,15500,BANANAS,4898.0,1.0,4893.0,5.0,4892.0,20.0,4899.0,20.0,,,,,4898.5,52.125
0,15600,BANANAS,4892.0,24.0,,,,,4899.0,24.0,,,,,4895.5,117.6875
0,15700,BANANAS,4892.0,22.0,,,,,4899.0,22.0,,,,,4895.5,85.0625
0,15800,BANANAS,4893.0,9.0,4892.0,26.0,,,4899.0,26.0,,,,,4896.0,99.5
0,15900,BANANAS,4893.0,10.0,4892.0,27.0,,,4899.0,27.0,,,,,4896.0,85.3125
0,16000,BANANAS,4892.0,27.0,,,,,4897.0,7.0,4899.0,27.0,,,4894.5,91.125
0,16100,BANANAS,4894.0,4.0,4893.0,29.0,,,4900.0,29.0,,,,,4897.0,-25.625
0,16200,BANANAS,4893.0,21.0,,,,,4894.0,1.0,4900.0,21.0,,,4893.5,-83.5625
0,16300,BANANAS,4893.0,2.0,4892.0,29.0,,,4897.0,2.0,4899.0,31.0,,,4895.0,23.8125
0,16400,BANANAS,4893.0,24.0,,,,,4899.0,2.0,4900.0,22.0,,,4896.0,-36.6875
0,16500,BANANAS,4893.0,27.0,,,,,4900.0,27.0,,,,,4896.5,-47.125
0,16600,BANANAS,4893.0,25.0,,,,,4899.0,2.0,4900.0,23.0,,,4896.0,-14.4375
0,16700,BANANAS,4893.0,23.0,,,,,4900.0,24.0,,,,,4896.5,-61.0
0,16800,BANANAS,4893.0,32.0,,,,,4898.0,5.0,4900.0,32.0,,,4895.5,-96.6875
0,16900,BANANAS,4894.0,1.0,4893.0,23.0,,,4900.0,24.0,,,,,4897.0,-116.1875
0,17000,BANANAS,4893.0,23.0,,,,,4900.0,23.0,,,,,4896.5,-109.75
0,17100,BANANAS,4894.0,6.0,4893.0,30.0,,,4900.0,31.0,,,,,4897.0,-106.1875
0,17200,BANANAS,4894.0,6.0,4893.0,26.0,,,4900.0,26.0,,,,,4897.0,-86.25
0,17300,BANANAS,4894.0,28.0,,,,,4895.0,2.0,4898.0,3.0,4900.0,28.0,4894.5,-140.375
0,17400,BANANAS,4893.0,25.0,,,,,4900.0,25.0,,,,,4896.5,-73.4375
0,17500,BANANAS,4899.0,11.0,4894.0,24.0,,,4900.0,1.0,4901.0,23.0,,,4899.5,-175.9375
0,17600,BANANAS,4894.0,27.0,,,,,4901.0,27.0,,,,,4897.5,-261.9375
0,17700,BANANAS,4894.0,24.0,,,,,4901.0,24.0,,,,,4897.5,-246.3125
0,17800,BANANAS,4894.0,23.0,,,,,4901.0,23.0,,,,,4897.5,-244.3125
0,17900,BANANAS,4895.0,9.0,4894.0,29.0,,,4901.0,30.0,,,,,4898.0,-263.125
0,18000,BANANAS,4896.0,7.0,4895.0,28.0,,,4901.0,28.0,,,,,4898.5,-301.125
0,18100,BANANAS,4895.0,21.0,,,,,4902.0,21.0,,,,,4898.5,-311.0625
0,18200,BANANAS,4900.0,1.0,4895.0,1.0,4894.0,23.0,4901.0,24.0,,,,,4900.5,-278.625
0,18300,BANANAS,4894.0,29.0,,,,,4901.0,29.0,,,,,4897.5,-218.8125
0,18400,BANANAS,4894.0,30.0,,,,,4900.0,1.0,4901.0,29.0,,,4897.0,-193.25
0,18500,BANANAS,4894.0,5.0,4893.0,30.0,,,4900.0,32.0,,,,,4897.0,-126.125
0,18600,BANANAS,4894.0,1.0,4893.0,30.0,,,4898.0,10.0,4900.0,31.0,,,4896.0,-137.3125
0,18700,BANANAS,4894.0,27.0,,,,,4900.0,2.0,4901.0,25.0,,,4897.0,-171.375
0,18800,BANANAS,4895.0,24.0,,,,,4901.0,24.0,,,,,4898.0,-291.25
0,18900,BANANAS,4894.0,28.0,,,,,4901.0,28.0,,,,,4897.5,-249.75
0,19000,BANANAS,4894.0,24.0,,,,,4899.0,7.0,4901.0,25.0,,,4896.5,-197.6875
0,19100,BANANAS,4894.0,29.0,,,,,4900.0,1.0,4901.0,28.0,,,4897.0,-189.3125
0,19200,BANANAS,4894.0,29.0,,,,,4899.0,7.0,4900.0,1.0,4901.0,28.0,4896.5,-168.8125
0,19300,BANANAS,4894.0,2.0,4893.0,30.0,,,4900.0,32.0,,,,,4897.0,-125.1875
0,19400,BANANAS,4894.0,21.0,,,,,4899.0,3.0,4900.0,1.0,4901.0,20.0,4896.5,-168.125
0,19500,BANANAS,4894.0,22.0,,,,,4900.0,2.0,4901.0,20.0,,,4897.0,-182.0625
0,19600,BANANAS,4894.0,31.0,,,,,4900.0,2.0,4901.0,29.0,,,4897.0,-173.6875
0,19700,BANANAS,4894.0,1.0,4893.0,24.0,,,4898.0,2.0,4900.0,25.0,,,4896.0,-105.875
0,19800,BANANAS,4893.0,20.0,,,,,4900.0,20.0,,,,,4896.5,-36.5
0,19900,BANANAS,4893.0,28.0,,,,,4899.0,1.0,4900.0,27.0,,,4896.0,-36.8125
0,20000,BANANAS,4893.0,29.0,,,,,4898.0,4.0,4899.0,1.0,4900.0,28.0,4895.5,-23.6875
0,20100,BANANAS,4893.0,12.0,4892.0,29.0,,,4899.0,31.0,,,,,4896.0,47.625
0,20200,BANANAS,4893.0,29.0,,,,,4900.0,29.0,,,,,4896.5,-7.9375
0,20300,BANANAS,4893.0,23.0,,,,,4899.0,23.0,,,,,4896.0,11.5625
0,20400,BANANAS,4892.0,24.0,,,,,4899.0,24.0,,,,,4895.5,-10.8125
0,20500,BANANAS,4892.0,30.0,,,,,4899.0,30.0,,,,,4895.5,-13.8125
0,20600,BANANAS,4892.0,23.0,,,,,4899.0,23.0,,,,,4895.5,68.875
0,20700,BANANAS,4892.0,31.0,,,,,4893.0,1.0,4897.0,6.0,4898.0,1.0,4892.5,106.625
0,20800,BANANAS,4896.0,1.0,4891.0,25.0,,,4898.0,25.0,,,,,4897.0,244.25
0,20900,BANANAS,4891.0,24.0,,,,,4898.0,24.0,,,,,4894.5,202.8125
0,21000,BANANAS,4891.0,27.0,,,,,4892.0,3.0,4898.0,27.0,,,4891.5,252.1875
0,21100,BANANAS,4891.0,3.0,4890.0,28.0,,,4897.0,30.0,,,,,4894.0,322.1875
0,21200,BANANAS,4890.0,23.0,,,,,4897.0,23.0,,,,,4893.5,354.75
0,21300,BANANAS,4891.0,28.0,,,,,4897.0,29.0,,,,,4894.0,281.875
0,21400,BANANAS,4891.0,30.0,,,,,4898.0,30.0,,,,,4894.5,254.9375
0,21500,BANANAS,4896.0,4.0,4892.0,2.0,4891.0,22.0,4898.0,24.0,,,,,4897.0,161.375
0,21600,BANANAS,4895.0,2.0,4892.0,29.0,,,4899.0,29.0,,,,,4897.0,73.4375
0,21700,BANANAS,4892.0,31.0,,,,,4897.0,10.0,4899.0,31.0,,,4894.5,55.5625
0,21800,BANANAS,4893.0,6.0,4892.0,28.0,,,4899.0,29.0,,,,,4896.0,-7.625
0,21900,BANANAS,4893.0,2.0,4892.0,28.0,,,4899.0,30.0,,,,,4896.0,-0.8125
0,22000,BANANAS,4891.0,23.0,,,,,4898.0,24.0,,,,,4894.5,145.25
0,22100,BANANAS,4892.0,24.0,,,,,4898.0,2.0,4899.0,23.0,,,4895.0,103.5
0,22200,BANANAS,4892.0,28.0,,,,,4897.0,4.0,4898.0,1.0,4899.0,27.0,4894.5,84.25
0,22300,BANANAS,4892.0,30.0,,,,,4898.0,30.0,,,,,4895.0,104.4375
0,22400,BANANAS,4891.0,26.0,,,,,4898.0,26.0,,,,,4894.5,180.6875
0,22500,BANANAS,4891.0,27.0,,,,,4898.0,27.0,,,,,4894.5,167.0
0,22600,BANANAS,4891.0,27.0,,,,,4896.0,9.0,4897.0,1.0,4898.0,26.0,4893.5,238.5625
0,22700,BANANAS,4891.0,28.0,,,,,4898.0,28.0,,,,,4894.5,190.25
0,22800,BANANAS,4892.0,1.0,4891.0,29.0,,,4898.0,30.0,,,,,4895.0,144.75
0,22900,BANANAS,4892.0,2.0,4891.0,24.0,,,4898.0,26.0,,,,,4895.0,155.1875
0,23000,BANANAS,4892.0,3.0,4891.0,26.0,,,4897.0,2.0,4898.0,24.0,,,4894.5,256.1875
0,23100,BANANAS,4891.0,24.0,,,,,4896.0,10.0,4897.0,1.0,4898.0,23.0,4893.5,252.875
0,23200,BANANAS,4891.0,26.0,,,,,4896.0,10.0,4898.0,26.0,,,4893.5,264.0
0,23300,BANANAS,4891.0,22.0,,,,,4897.0,22.0,,,,,4894.0,248.1875
0,23400,BANANAS,4892.0,6.0,4891.0,21.0,,,4898.0,21.0,,,,,4895.0,183.5625
0,23500,BANANAS,4894.0,2.0,4891.0,28.0,,,4898.0,28.0,,,,,4896.0,142.75
0,23600,BANANAS,4890.0,21.0,,,,,4895.0,3.0,4897.0,21.0,,,4892.5,323.375
0,23700,BANANAS,4890.0,24.0,,,,,4897.0,24.0,,,,,4893.5,269.875
0,23800,BANANAS,4891.0,23.0,,,,,4897.0,2.0,4898.0,21.0,,,4894.0,198.25
0,23900,BANANAS,4896.0,1.0,4891.0,20.0,,,4897.0,20.0,,,,,4896.5,253.75
0,24000,BANANAS,4891.0,1.0,4890.0,22.0,,,4895.0,6.0,4897.0,23.0,,,4893.0,264.875
0,24100,BANANAS,4890.0,26.0,,,,,4897.0,26.0,,,,,4893.5,330.625
0,24200,BANANAS,4896.0,1.0,4892.0,5.0,4891.0,27.0,4897.0,27.0,,,,,4896.5,246.625
0,24300,BANANAS,4891.0,2.0,4890.0,21.0,,,4897.0,23.0,,,,,4894.0,305.8125
0,24400,BANANAS,4890.0,25.0,,,,,4897.0,25.0,,,,,4893.5,349.6875
0,24500,BANANAS,4894.0,4.0,4890.0,21.0,,,4895.0,7.0,4897.0,21.0,,,4894.5,413.6875
0,24600,BANANAS,4890.0,27.0,,,,,4896.0,27.0,,,,,4893.0,456.1875
0,24700,BANANAS,4890.0,22.0,,,,,4896.0,2.0,4897.0,20.0,,,4893.0,412.4375
0,24800,BANANAS,4889.0,28.0,,,,,4896.0,28.0,,,,,4892.5,538.625
0,24900,BANANAS,4890.0,7.0,4889.0,28.0,,,4896.0,30.0,,,,,4893.0,512.4375
0,25000,BANANAS,4889.0,27.0,,,,,4894.0,1.0,4896.0,27.0,,,4891.5,528.5
0,25100,BANANAS,4892.0,6.0,4889.0,23.0,,,4896.0,23.0,,,,,4894.0,528.5
0,25200,BANANAS,4890.0,25.0,,,,,4896.0,26.0,,,,,4893.0,436.125
0,25300,BANANAS,4890.0,2.0,4889.0,24.0,,,4894.0,1.0,4896.0,26.0,,,4892.0,494.25
0,25400,BANANAS,4890.0,2.0,4889.0,32.0,,,4896.0,32.0,,,,,4893.0,568.875
0,25500,BANANAS,4890.0,3.0,4889.0,25.0,,,4896.0,25.0,,,,,4893.0,571.0625
0,25600,BANANAS,4894.0,1.0,4889.0,31.0,,,4895.0,31.0,,,,,4894.5,647.75
0,25700,BANANAS,4889.0,23.0,,,,,4895.0,1.0,4896.0,22.0,,,4892.0,623.0625
0,25800,BANANAS,4889.0,28.0,,,,,4895.0,28.0,,,,,4892.0,640.4375
0,25900,BANANAS,4888.0,28.0,,,,,4895.0,28.0,,,,,4891.5,721.5625
0,26000,BANANAS,4888.0,24.0,,,,,4893.0,7.0,4895.0,24.0,,,4890.5,728.75
0,26100,BANANAS,4888.0,25.0,,,,,4893.0,7.0,4895.0,25.0,,,4890.5,703.8125
0,26200,BANANAS,4888.0,26.0,,,,,4894.0,1.0,4895.0,25.0,,,4891.0,833.5625
0,26300,BANANAS,4888.0,24.0,,,,,4895.0,24.0,,,,,4891.5,753.75
0,26400,BANANAS,4888.0,28.0,,,,,4895.0,29.0,,,,,4891.5,832.375
0,26500,BANANAS,4888.0,24.0,,,,,4893.0,3.0,4895.0,24.0,,,4890.5,763.0625
0,26600,BANANAS,4889.0,1.0,4888.0,22.0,,,4894.0,1.0,4895.0,21.0,,,4891.5,845.125
0,26700,BANANAS,4888.0,24.0,,,,,4895.0,24.0,,,,,4891.5,847.0
0,26800,BANANAS,4888.0,24.0,,,,,4895.0,24.0,,,,,4891.5,844.3125
0,26900,BANANAS,4888.0,27.0,,,,,4893.0,5.0,4895.0,27.0,,,4890.5,707.3125
0,27000,BANANAS,4889.0,31.0,,,,,4894.0,7.0,4895.0,31.0,,,4891.5,638.75
0,27100,BANANAS,4889.0,2.0,4888.0,22.0,,,4893.0,7.0,4895.0,24.0,,,4891.0,677.8125
0,27200,BANANAS,4893.0,3.0,4890.0,2.0,4889.0,31.0,4895.0,31.0,,,,,4894.0,642.3125
0,27300,BANANAS,4889.0,27.0,,,,,4895.0,27.0,,,,,4892.0,651.625
0,27400,BANANAS,4889.0,25.0,,,,,4895.0,25.0,,,,,4892.0,657.875
0,27500,BANANAS,4888.0,26.0,,,,,4890.0,1.0,4893.0,10.0,4895.0,26.0,4889.0,721.5
0,27600,BANANAS,4888.0,23.0,,,,,4895.0,23.0,,,,,4891.5,722.875
0,27700,BANANAS,4888.0,26.0,,,,,4895.0,26.0,,,,,4891.5,727.75
0,27800,BANANAS,4888.0,28.0,,,,,4895.0,28.0,,,,,4891.5,832.75
0,27900,BANANAS,4888.0,26.0,,,,,4894.0,1.0,4895.0,25.0,,,4891.0,818.875
0,28000,BANANAS,4888.0,24.0,,,,,4893.0,9.0,4894.0,24.0,,,4890.5,866.0
0,28100,BANANAS,4888.0,22.0,,,,,4895.0,22.0,,,,,4891.5,768.75
0,28200,BANANAS,4888.0,1.0,4887.0,29.0,,,4894.0,30.0,,,,,4891.0,931.75
0,28300,BANANAS,4888.0,24.0,,,,,4892.0,7.0,4894.0,24.0,,,4890.0,883.375
0,28400,BANANAS,4887.0,21.0,,,,,4892.0,9.0,4894.0,21.0,,,4889.5,1003.625
0,28500,BANANAS,4892.0,1.0,4887.0,31.0,,,4894.0,31.0,,,,,4893.0,987.875
0,28600,BANANAS,4888.0,6.0,4887.0,31.0,,,4894.0,31.0,,,,,4891.0,989.25
0,28700,BANANAS,4887.0,25.0,,,,,4893.0,1.0,4894.0,24.0,,,4890.0,1078.875
0,28800,BANANAS,4887.0,2.0,4886.0,20.0,,,4893.0,22.0,,,,,4890.0,1147.625
0,28900,BANANAS,4887.0,22.0,,,,,4894.0,22.0,,,,,4890.5,1075.125
0,29000,BANANAS,4887.0,24.0,,,,,4894.0,24.0,,,,,4890.5,1043.25
0,29100,BANANAS,4888.0,9.0,4887.0,31.0,,,4893.0,2.0,4894.0,29.0,,,4890.5,1042.875
0,29200,BANANAS,4887.0,20.0,,,,,4892.0,4.0,4894.0,20.0,,,4889.5,975.375
0,29300,BANANAS,4887.0,25.0,,,,,4888.0,1.0,4894.0,25.0,,,4887.5,923.125
0,29400,BANANAS,4892.0,4.0,4888.0,1.0,4887.0,23.0,4894.0,24.0,,,,,4893.0,909.125
0,29500,BANANAS,4888.0,24.0,,,,,4894.0,24.0,,,,,4891.0,881.0
0,29600,BANANAS,4887.0,20.0,,,,,4894.0,20.0,,,,,4890.5,924.25
0,29700,BANANAS,4888.0,27.0,,,,,4894.0,27.0,,,,,4891.0,893.375
0,29800,BANANAS,4888.0,7.0,4887.0,30.0,,,4894.0,30.0,,,,,4891.0,963.25
0,29900,BANANAS,4888.0,8.0,4887.0,27.0,,,4894.0,27.0,,,,,4891.0,966.625
0,30000,BANANAS,4887.0,21.0,,,,,4892.0,6.0,4894.0,21.0,,,4889.5,977.875
0,30100,BANANAS,4887.0,22.0,,,,,4894.0,22.0,,,,,4890.5,979.875
0,30200,BANANAS,4887.0,24.0,,,,,4890.0,2.0,4894.0,24.0,,,4888.5,982.5
0,30300,BANANAS,4888.0,2.0,4887.0,28.0,,,4892.0,7.0,4894.0,30.0,,,4890.0,931.25
0,30400,BANANAS,4888.0,2.0,4887.0,21.0,,,4894.0,23.0,,,,,4891.0,926.75
0,30500,BANANAS,4887.0,29.0,,,,,4893.0,1.0,4894.0,28.0,,,4890.0,1041.75
0,30600,BANANAS,4886.0,30.0,,,,,4893.0,30.0,,,,,4889.5,1137.125
0,30700,BANANAS,4891.0,3.0,4887.0,23.0,,,4893.0,23.0,,,,,4892.0,1108.25
0,30800,BANANAS,4887.0,29.0,,,,,4893.0,29.0,,,,,4890.0,1124.75
0,30900,BANANAS,4887.0,2.0,4886.0,23.0,,,4893.0,23.0,,,,,4890.0,1163.0
0,31000,BANANAS,4887.0,20.0,,,,,4894.0,20.0,,,,,4890.5,1102.375
0,31100,BANANAS,4887.0,22.0,,,,,4893.0,22.0,,,,,4890.0,1114.5
0,31200,BANANAS,4887.0,1.0,4886.0,27.0,,,4893.0,29.0,,,,,4890.0,1144.0
0,31300,BANANAS,4886.0,30.0,,,,,4893.0,30.0,,,,,4889.5,1141.0
0,31400,BANANAS,4887.0,32.0,,,,,4894.0,32.0,,,,,4890.5,1043.625
0,31500,BANANAS,4887.0,23.0,,,,,4888.0,1.0,4894.0,23.0,,,4887.5,969.875
0,31600,BANANAS,4889.0,2.0,4888.0,32.0,,,4894.0,32.0,,,,,4891.5,864.5
0,31700,BANANAS,4887.0,29.0,,,,,4892.0,2.0,4894.0,29.0,,,4889.5,931.0
0,31800,BANANAS,4887.0,21.0,,,,,4894.0,21.0,,,,,4890.5,966.625
0,31900,BANANAS,4888.0,11.0,4887.0,27.0,,,4894.0,29.0,,,,,4891.0,897.75
0,32000,BANANAS,4887.0,30.0,,,,,4893.0,30.0,,,,,4890.0,1124.5
0,32100,BANANAS,4887.0,31.0,,,,,4894.0,31.0,,,,,4890.5,1015.25
0,32200,BANANAS,4887.0,1.0,4886.0,25.0,,,4891.0,6.0,4893.0,26.0,,,4889.0,1175.25
0,32300,BANANAS,4886.0,26.0,,,,,4891.0,7.0,4892.0,1.0,4893.0,25.0,4888.5,1314.125
0,32400,BANANAS,4886.0,1.0,4885.0,27.0,,,4890.0,1.0,4892.0,29.0,,,4888.0,1432.375
0,32500,BANANAS,4890.0,1.0,4885.0,25.0,,,4892.0,25.0,,,,,4891.0,1516.0
0,32600,BANANAS,4885.0,30.0,,,,,4892.0,30.0,,,,,4888.5,1550.75
0,32700,BANANAS,4886.0,27.0,,,,,4892.0,27.0,,,,,4889.0,1370.875
0,32800,BANANAS,4885.0,23.0,,,,,4892.0,23.0,,,,,4888.5,1400.875
0,32900,BANANAS,4886.0,1.0,4885.0,23.0,,,4890.0,1.0,4892.0,24.0,,,4888.0,1403.625
0,33000,BANANAS,4885.0,28.0,,,,,4892.0,28.0,,,,,4888.5,1442.375
0,33100,BANANAS,4884.0,24.0,,,,,4891.0,24.0,,,,,4887.5,1666.625
0,33200,BANANAS,4884.0,25.0,,,,,4889.0,9.0,4891.0,25.0,,,4886.5,1775.375
0,33300,BANANAS,4885.0,26.0,,,,,4890.0,7.0,4891.0,2.0,4892.0,24.0,4887.5,1535.375
0,33400,BANANAS,4885.0,27.0,,,,,4892.0,27.0,,,,,4888.5,1502.625
0,33500,BANANAS,4886.0,10.0,4885.0,25.0,,,4892.0,25.0,,,,,4889.0,1414.5
0,33600,BANANAS,4884.0,27.0,,,,,4885.0,1.0,4891.0,27.0,,,4884.5,1647.125
0,33700,BANANAS,4885.0,2.0,4884.0,22.0,,,4891.0,23.0,,,,,4888.0,1653.25
0,33800,BANANAS,4884.0,26.0,,,,,4891.0,26.0,,,,,4887.5,1672.875
0,33900,BANANAS,4884.0,24.0,,,,,4891.0,24.0,,,,,4887.5,1660.875
0,34000,BANANAS,4889.0,1.0,4885.0,1.0,4884.0,24.0,4891.0,25.0,,,,,4890.0,1633.25
0,34100,BANANAS,4884.0,26.0,,,,,4885.0,7.0,4891.0,27.0,,,4884.5,1622.625
0,34200,BANANAS,4885.0,1.0,4884.0,26.0,,,4891.0,27.0,,,,,4888.0,1613.5
0,34300,BANANAS,4885.0,1.0,4884.0,20.0,,,4891.0,22.0,,,,,4888.0,1618.625
0,34400,BANANAS,4884.0,24.0,,,,,4890.0,2.0,4891.0,23.0,,,4887.0,1769.875
0,34500,BANANAS,4884.0,25.0,,,,,4889.0,2.0,4891.0,25.0,,,4886.5,1721.125
0,34600,BANANAS,4884.0,22.0,,,,,4891.0,22.0,,,,,4887.5,1729.625
0,34700,BANANAS,4884.0,29.0,,,,,4891.0,29.0,,,,,4887.5,1650.875
0,34800,BANANAS,4884.0,24.0,,,,,4887.0,6.0,4891.0,24.0,,,4885.5,1619.375
0,34900,BANANAS,4884.0,23.0,,,,,4891.0,24.0,,,,,4887.5,1733.25
0,35000,BANANAS,4885.0,2.0,4884.0,20.0,,,4889.0,10.0,4891.0,22.0,,,4887.0,1605.0
0,35100,BANANAS,4884.0,26.0,,,,,4890.0,26.0,,,,,4887.0,1813.875
0,35200,BANANAS,4883.0,24.0,,,,,4884.0,1.0,4890.0,24.0,,,4883.5,1920.625
0,35300,BANANAS,4884.0,9.0,4883.0,24.0,,,4890.0,24.0,,,,,4887.0,1902.125
0,35400,BANANAS,4883.0,22.0,,,,,4890.0,22.0,,,,,4886.5,1920.5
0,35500,BANANAS,4883.0,24.0,,,,,4890.0,25.0,,,,,4886.5,1976.875
0,35600,BANANAS,4884.0,9.0,4883.0,27.0,,,4889.0,27.0,,,,,4886.5,2076.25
0,35700,BANANAS,4883.0,27.0,,,,,4888.0,1.0,4889.0,1.0,4890.0,26.0,4885.5,2011.25
0,35800,BANANAS,4883.0,30.0,,,,,4889.0,30.0,,,,,4886.0,2087.75
0,35900,BANANAS,4883.0,30.0,,,,,4884.0,4.0,4887.0,3.0,4889.0,30.0,4883.5,2081.125
0,36000,BANANAS,4883.0,28.0,,,,,4890.0,28.0,,,,,4886.5,1982.25
0,36100,BANANAS,4883.0,26.0,,,,,4890.0,26.0,,,,,4886.5,1881.875
0,36200,BANANAS,4884.0,30.0,,,,,4889.0,3.0,4890.0,1.0,4891.0,29.0,4886.5,1735.25
0,36300,BANANAS,4884.0,21.0,,,,,4890.0,22.0,,,,,4887.0,1801.125
0,36400,BANANAS,4884.0,28.0,,,,,4888.0,5.0,4890.0,28.0,,,4886.0,1814.0
0,36500,BANANAS,4884.0,27.0,,,,,4889.0,10.0,4891.0,27.0,,,4886.5,1634.125
0,36600,BANANAS,4885.0,1.0,4884.0,21.0,,,4891.0,21.0,,,,,4888.0,1565.25
0,36700,BANANAS,4889.0,11.0,4884.0,30.0,,,4891.0,30.0,,,,,4890.0,1558.375
0,36800,BANANAS,4884.0,27.0,,,,,4887.0,2.0,4891.0,27.0,,,4885.5,1704.625
0,36900,BANANAS,4884.0,31.0,,,,,4889.0,3.0,4890.0,2.0,4891.0,29.0,4886.5,1727.875
0,37000,BANANAS,4886.0,2.0,4884.0,4.0,4883.0,23.0,4890.0,23.0,,,,,4888.0,1823.875
0,37100,BANANAS,4889.0,1.0,4884.0,24.0,,,4890.0,1.0,4891.0,23.0,,,4889.5,1727.625
0,37200,BANANAS,4885.0,3.0,4884.0,22.0,,,4891.0,22.0,,,,,4888.0,1703.875
0,37300,BANANAS,4883.0,27.0,,,,,4888.0,7.0,4890.0,27.0,,,4885.5,1928.5
0,37400,BANANAS,4883.0,23.0,,,,,4889.0,23.0,,,,,4886.0,2054.125
0,37500,BANANAS,4888.0,1.0,4883.0,2.0,4882.0,29.0,4889.0,29.0,,,,,4888.5,2113.375
0,37600,BANANAS,4883.0,26.0,,,,,4889.0,2.0,4890.0,24.0,,,4886.0,2048.375
0,37700,BANANAS,4888.0,1.0,4883.0,29.0,,,4889.0,1.0,4890.0,28.0,,,4888.5,2020.75
0,37800,BANANAS,4883.0,29.0,,,,,4889.0,2.0,4890.0,27.0,,,4886.0,2033.75
0,37900,BANANAS,4882.0,29.0,,,,,4884.0,2.0,4889.0,29.0,,,4883.0,2171.0
0,38000,BANANAS,4882.0,25.0,,,,,4887.0,5.0,4889.0,25.0,,,4884.5,2158.0
0,38100,BANANAS,4883.0,27.0,,,,,4890.0,28.0,,,,,4886.5,2015.875
0,38200,BANANAS,4884.0,5.0,4883.0,23.0,,,4890.0,23.0,,,,,4887.0,1971.125
0,38300,BANANAS,4883.0,27.0,,,,,4890.0,27.0,,,,,4886.5,1917.25
0,38400,BANANAS,4883.0,20.0,,,,,4890.0,21.0,,,,,4886.5,1929.75
0,38500,BANANAS,4888.0,1.0,4883.0,25.0,,,4889.0,2.0,4890.0,23.0,,,4888.5,1964.75
0,38600,BANANAS,4883.0,27.0,,,,,4890.0,27.0,,,,,4886.5,1937.5
0,38700,BANANAS,4884.0,30.0,,,,,4890.0,1.0,4891.0,29.0,,,4887.0,1692.25
0,38800,BANANAS,4884.0,27.0,,,,,4891.0,27.0,,,,,4887.5,1684.625
0,38900,BANANAS,4884.0,26.0,,,,,4889.0,4.0,4891.0,26.0,,,4886.5,1652.75
0,39000,BANANAS,4884.0,29.0,,,,,4890.0,29.0,,,,,4887.0,1752.75
0,39100,BANANAS,4884.0,1.0,4883.0,29.0,,,4888.0,10.0,4890.0,30.0,,,4886.0,1817.25
0,39200,BANANAS,4888.0,1.0,4883.0,24.0,,,4889.0,24.0,,,,,4888.5,2046.0
0,39300,BANANAS,4884.0,3.0,4883.0,27.0,,,4889.0,1.0,4890.0,26.0,,,4886.5,1967.25
0,39400,BANANAS,4884.0,29.0,,,,,4891.0,29.0,,,,,4887.5,1651.875
0,39500,BANANAS,4884.0,22.0,,,,,4890.0,2.0,4891.0,20.0,,,4887.0,1714.625
0,39600,BANANAS,4884.0,22.0,,,,,4890.0,22.0,,,,,4887.0,1763.5
0,39700,BANANAS,4883.0,20.0,,,,,4890.0,20.0,,,,,4886.5,1958.0
0,39800,BANANAS,4883.0,31.0,,,,,4888.0,3.0,4890.0,31.0,,,4885.5,1948.375
0,39900,BANANAS,4884.0,3.0,4883.0,30.0,,,4890.0,32.0,,,,,4887.0,1808.625
0,40000,BANANAS,4888.0,5.0,4884.0,9.0,4883.0,31.0,4890.0,31.0,,,,,4889.0,1853.375
0,40100,BANANAS,4883.0,27.0,,,,,4890.0,27.0,,,,,4886.5,1879.125
0,40200,BANANAS,4884.0,23.0,,,,,4889.0,7.0,4890.0,1.0,4891.0,22.0,4886.5,1684.0
0,40300,BANANAS,4884.0,25.0,,,,,4890.0,25.0,,,,,4887.0,1776.875
0,40400,BANANAS,4884.0,21.0,,,,,4889.0,10.0,4891.0,21.0,,,4886.5,1646.75
0,40500,BANANAS,4884.0,24.0,,,,,4887.0,2.0,4891.0,24.0,,,4885.5,1683.5
0,40600,BANANAS,4884.0,2.0,4883.0,24.0,,,4890.0,26.0,,,,,4887.0,1856.75
0,40700,BANANAS,4883.0,26.0,,,,,4890.0,26.0,,,,,4886.5,1951.75
0,40800,BANANAS,4883.0,29.0,,,,,4890.0,29.0,,,,,4886.5,1901.375
0,40900,BANANAS,4883.0,22.0,,,,,4890.0,22.0,,,,,4886.5,1854.75
0,41000,BANANAS,4884.0,27.0,,,,,4886.0,4.0,4890.0,22.0,,,4885.0,1786.5
0,41100,BANANAS,4884.0,23.0,,,,,4890.0,1.0,4891.0,22.0,,,4887.0,1689.875
0,41200,BANANAS,4884.0,26.0,,,,,4891.0,26.0,,,,,4887.5,1658.75
0,41300,BANANAS,4884.0,21.0,,,,,4889.0,2.0,4891.0,21.0,,,4886.5,1604.625
0,41400,BANANAS,4884.0,23.0,,,,,4885.0,1.0,4887.0,4.0,4891.0,23.0,4884.5,1619.375
0,41500,BANANAS,4886.0,6.0,4885.0,30.0,,,4892.0,30.0,,,,,4889.0,1407.625
0,41600,BANANAS,4885.0,1.0,4884.0,27.0,,,4891.0,28.0,,,,,4888.0,1555.25
0,41700,BANANAS,4884.0,20.0,,,,,4891.0,20.0,,,,,4887.5,1656.0
0,41800,BANANAS,4885.0,30.0,,,,,4890.0,3.0,4891.0,2.0,4892.0,28.0,4887.5,1425.75
0,41900,BANANAS,4886.0,4.0,4885.0,30.0,,,4892.0,30.0,,,,,4889.0,1333.875
0,42000,BANANAS,4886.0,30.0,,,,,4892.0,30.0,,,,,4889.0,1166.625
0,42100,BANANAS,4886.0,24.0,,,,,4893.0,24.0,,,,,4889.5,1098.25
0,42200,BANANAS,4887.0,26.0,,,,,4892.0,4.0,4894.0,26.0,,,4889.5,765.875
0,42300,BANANAS,4892.0,1.0,4887.0,24.0,,,4894.0,24.0,,,,,4893.0,842.375
0,42400,BANANAS,4886.0,25.0,,,,,4893.0,25.0,,,,,4889.5,994.125
0,42500,BANANAS,4886.0,23.0,,,,,4893.0,24.0,,,,,4889.5,1066.875
0,42600,BANANAS,4886.0,25.0,,,,,4890.0,10.0,4892.0,25.0,,,4888.0,1179.625
0,42700,BANANAS,4886.0,21.0,,,,,4893.0,22.0,,,,,4889.5,1057.125
0,42800,BANANAS,4886.0,23.0,,,,,4892.0,23.0,,,,,4889.0,1181.625
0,42900,BANANAS,4885.0,22.0,,,,,4892.0,22.0,,,,,4888.5,1280.125
0,43000,BANANAS,4885.0,25.0,,,,,4891.0,1.0,4892.0,24.0,,,4888.0,1394.75
0,43100,BANANAS,4886.0,25.0,,,,,4890.0,3.0,4892.0,25.0,,,4888.0,1173.5
0,43200,BANANAS,4886.0,28.0,,,,,4892.0,1.0,4893.0,27.0,,,4889.0,1128.875
0,43300,BANANAS,4887.0,20.0,,,,,4894.0,20.0,,,,,4890.5,797.625
0,43400,BANANAS,4887.0,28.0,,,,,4892.0,8.0,4893.0,2.0,4894.0,27.0,4889.5,765.125
0,43500,BANANAS,4887.0,24.0,,,,,4891.0,10.0,4893.0,24.0,,,4889.0,856.0
0,43600,BANANAS,4886.0,21.0,,,,,4891.0,1.0,4893.0,21.0,,,4888.5,956.25
0,43700,BANANAS,4885.0,28.0,,,,,4892.0,28.0,,,,,4888.5,1261.5
0,43800,BANANAS,4886.0,25.0,,,,,4893.0,25.0,,,,,4889.5,1007.5
0,43900,BANANAS,4886.0,28.0,,,,,4893.0,28.0,,,,,4889.5,1021.375
0,44000,BANANAS,4887.0,1.0,4886.0,25.0,,,4889.0,6.0,4893.0,26.0,,,4888.0,943.625
0,44100,BANANAS,4886.0,30.0,,,,,4887.0,1.0,4893.0,30.0,,,4886.5,1004.75
0,44200,BANANAS,4887.0,6.0,4886.0,20.0,,,4893.0,22.0,,,,,4890.0,903.875
0,44300,BANANAS,4887.0,25.0,,,,,4894.0,25.0,,,,,4890.5,739.75
0,44400,BANANAS,4887.0,30.0,,,,,4893.0,1.0,4894.0,29.0,,,4890.0,817.625
0,44500,BANANAS,4886.0,27.0,,,,,4893.0,27.0,,,,,4889.5,1027.25
0,44600,BANANAS,4886.0,23.0,,,,,4893.0,23.0,,,,,4889.5,958.25
0,44700,BANANAS,4886.0,24.0,,,,,4891.0,9.0,4893.0,24.0,,,4888.5,1005.875
0,44800,BANANAS,4887.0,24.0,,,,,4892.0,10.0,4893.0,2.0,4894.0,22.0,4889.5,789.75
0,44900,BANANAS,4887.0,26.0,,,,,4892.0,6.0,4894.0,26.0,,,4889.5,660.125
0,45000,BANANAS,4887.0,27.0,,,,,4894.0,27.0,,,,,4890.5,662.375
0,45100,BANANAS,4887.0,27.0,,,,,4894.0,27.0,,,,,4890.5,694.25
0,45200,BANANAS,4888.0,27.0,,,,,4895.0,27.0,,,,,4891.5,480.75
0,45300,BANANAS,4888.0,28.0,,,,,4894.0,1.0,4895.0,28.0,,,4891.0,467.125
0,45400,BANANAS,4888.0,28.0,,,,,4894.0,28.0,,,,,4891.0,511.25
0,45500,BANANAS,4888.0,24.0,,,,,4895.0,24.0,,,,,4891.5,356.375
0,45600,BANANAS,4894.0,1.0,4889.0,1.0,4888.0,24.0,4895.0,25.0,,,,,4894.5,254.0
0,45700,BANANAS,4888.0,30.0,,,,,4895.0,30.0,,,,,4891.5,274.75
0,45800,BANANAS,4890.0,2.0,4889.0,24.0,,,4896.0,26.0,,,,,4893.0,-19.25
0,45900,BANANAS,4890.0,22.0,,,,,4895.0,1.0,4897.0,22.0,,,4892.5,-260.0
0,46000,BANANAS,4890.0,27.0,,,,,4897.0,27.0,,,,,4893.5,-287.5
0,46100,BANANAS,4891.0,26.0,,,,,4897.0,2.0,4898.0,25.0,,,4894.0,-449.5
0,46200,BANANAS,4890.0,28.0,,,,,4892.0,2.0,4897.0,28.0,,,4891.0,-341.375
0,46300,BANANAS,4896.0,1.0,4890.0,23.0,,,4897.0,23.0,,,,,4896.5,-292.0
0,46400,BANANAS,4890.0,26.0,,,,,4897.0,26.0,,,,,4893.5,-263.25
0,46500,BANANAS,4890.0,25.0,,,,,4891.0,1.0,4895.0,5.0,4897.0,25.0,4890.5,-272.125
0,46600,BANANAS,4893.0,4.0,4890.0,23.0,,,4895.0,2.0,4897.0,23.0,,,4894.0,-200.375
0,46700,BANANAS,4889.0,23.0,,,,,4896.0,23.0,,,,,4892.5,29.5
0,46800,BANANAS,4891.0,5.0,4890.0,23.0,,,4896.0,1.0,4897.0,22.0,,,4893.5,-169.375
0,46900,BANANAS,4895.0,1.0,4890.0,2.0,4889.0,26.0,4896.0,28.0,,,,,4895.5,-44.875
0,47000,BANANAS,4889.0,20.0,,,,,4894.0,8.0,4896.0,20.0,,,4891.5,-0.75
0,47100,BANANAS,4890.0,4.0,4889.0,24.0,,,4896.0,24.0,,,,,4893.0,-85.75
0,47200,BANANAS,4895.0,1.0,4889.0,29.0,,,4896.0,29.0,,,,,4895.5,4.75
0,47300,BANANAS,4890.0,24.0,,,,,4896.0,24.0,,,,,4893.0,-92.0
0,47400,BANANAS,4890.0,26.0,,,,,4894.0,5.0,4896.0,26.0,,,4892.0,-93.75
0,47500,BANANAS,4890.0,28.0,,,,,4896.0,28.0,,,,,4893.0,-91.0
0,47600,BANANAS,4889.0,21.0,,,,,4896.0,21.0,,,,,4892.5,-29.25
0,47700,BANANAS,4890.0,24.0,,,,,4896.0,1.0,4897.0,23.0,,,4893.0,-151.0
0,47800,BANANAS,4890.0,22.0,,,,,4895.0,8.0,4897.0,22.0,,,4892.5,-235.25
0,47900,BANANAS,4891.0,1.0,4890.0,21.0,,,4897.0,21.0,,,,,4894.0,-216.625
0,48000,BANANAS,4891.0,3.0,4890.0,29.0,,,4897.0,29.0,,,,,4894.0,-235.375
0,48100,BANANAS,4890.0,29.0,,,,,4897.0,29.0,,,,,4893.5,-286.25
0,48200,BANANAS,4890.0,26.0,,,,,4897.0,26.0,,,,,4893.5,-243.75
0,48300,BANANAS,4895.0,1.0,4890.0,29.0,,,4897.0,29.0,,,,,4896.0,-215.5
0,48400,BANANAS,4895.0,1.0,4889.0,22.0,,,4896.0,22.0,,,,,4895.5,-11.875
0,48500,BANANAS,4889.0,25.0,,,,,4896.0,25.0,,,,,4892.5,9.875
0,48600,BANANAS,4889.0,22.0,,,,,4894.0,4.0,4896.0,22.0,,,4891.5,37.5
0,48700,BANANAS,4889.0,21.0,,,,,4896.0,21.0,,,,,4892.5,48.0
0,48800,BANANAS,4891.0,10.0,4890.0,31.0,,,4896.0,31.0,,,,,4893.5,-115.25
0,48900,BANANAS,4891.0,2.0,4890.0,25.0,,,4896.0,1.0,4897.0,24.0,,,4893.5,-159.25
0,49000,BANANAS,4890.0,29.0,,,,,4897.0,29.0,,,,,4893.5,-142.75
0,49100,BANANAS,4891.0,3.0,4890.0,26.0,,,4897.0,26.0,,,,,4894.0,-254.875
0,49200,BANANAS,4890.0,25.0,,,,,4897.0,25.0,,,,,4893.5,-334.375
0,49300,BANANAS,4896.0,1.0,4891.0,29.0,,,4897.0,29.0,,,,,4896.5,-448.75
0,49400,BANANAS,4897.0,1.0,4892.0,5.0,4891.0,22.0,4898.0,22.0,,,,,4897.5,-647.0
0,49500,BANANAS,4891.0,23.0,,,,,4897.0,23.0,,,,,4894.0,-444.75
0,49600,BANANAS,4890.0,22.0,,,,,4897.0,22.0,,,,,4893.5,-275.5
0,49700,BANANAS,4891.0,2.0,4890.0,22.0,,,4895.0,9.0,4897.0,24.0,,,4893.0,-356.125
0,49800,BANANAS,4890.0,22.0,,,,,4897.0,22.0,,,,,4893.5,-238.5
0,49900,BANANAS,4890.0,22.0,,,,,4895.0,1.0,4896.0,2.0,4897.0,20.0,4892.5,-193.5
0,50000,BANANAS,4892.0,1.0,4889.0,30.0,,,4896.0,30.0,,,,,4894.0,82.125
0,50100,BANANAS,4889.0,32.0,,,,,4896.0,32.0,,,,,4892.5,21.75
0,50200,BANANAS,4891.0,1.0,4890.0,25.0,,,4896.0,25.0,,,,,4893.5,-105.25
0,50300,BANANAS,4890.0,26.0,,,,,4895.0,6.0,4896.0,1.0,4897.0,25.0,4892.5,-196.25
0,50400,BANANAS,4890.0,30.0,,,,,4897.0,30.0,,,,,4893.5,-238.875
0,50500,BANANAS,4890.0,29.0,,,,,4897.0,29.0,,,,,4893.5,-250.125
0,50600,BANANAS,4895.0,1.0,4890.0,24.0,,,4896.0,1.0,4897.0,23.0,,,4895.5,-172.375
0,50700,BANANAS,4890.0,25.0,,,,,4891.0,1.0,4895.0,3.0,4897.0,25.0,4890.5,-246.625
0,50800,BANANAS,4890.0,24.0,,,,,4895.0,6.0,4897.0,24.0,,,4892.5,-250.5
0,50900,BANANAS,4890.0,27.0,,,,,4897.0,27.0,,,,,4893.5,-215.375
0,51000,BANANAS,4890.0,24.0,,,,,4896.0,2.0,4897.0,22.0,,,4893.0,-166.75
0,51100,BANANAS,4891.0,27.0,,,,,4897.0,27.0,,,,,4894.0,-423.625
0,51200,BANANAS,4890.0,32.0,,,,,4897.0,32.0,,,,,4893.5,-303.875
0,51300,BANANAS,4891.0,25.0,,,,,4897.0,25.0,,,,,4894.0,-444.75
0,51400,BANANAS,4891.0,23.0,,,,,4897.0,23.0,,,,,4894.0,-454.75
0,51500,BANANAS,4891.0,22.0,,,,,4897.0,2.0,4898.0,20.0,,,4894.0,-523.625
0,51600,BANANAS,4891.0,31.0,,,,,4897.0,2.0,4898.0,29.0,,,4894.0,-513.625
0,51700,BANANAS,4891.0,32.0,,,,,4896.0,5.0,4897.0,2.0,4898.0,30.0,4893.5,-506.375
0,51800,BANANAS,4891.0,26.0,,,,,4898.0,26.0,,,,,4894.5,-643.375
0,51900,BANANAS,4892.0,1.0,4891.0,26.0,,,4896.0,6.0,4898.0,27.0,,,4894.0,-731.125
0,52000,BANANAS,4891.0,24.0,,,,,4897.0,1.0,4898.0,23.0,,,4894.0,-479.625
0,52100,BANANAS,4891.0,30.0,,,,,4898.0,30.0,,,,,4894.5,-538.375
0,52200,BANANAS,4891.0,28.0,,,,,4896.0,3.0,4898.0,28.0,,,4893.5,-529.125
0,52300,BANANAS,4892.0,21.0,,,,,4897.0,2.0,4899.0,21.0,,,4894.5,-842.625
0,52400,BANANAS,4892.0,2.0,4891.0,22.0,,,4898.0,24.0,,,,,4895.0,-671.125
0,52500,BANANAS,4891.0,31.0,,,,,4898.0,31.0,,,,,4894.5,-570.125
0,52600,BANANAS,4891.0,24.0,,,,,4897.0,1.0,4898.0,23.0,,,4894.0,-499.125
0,52700,BANANAS,4891.0,29.0,,,,,4897.0,29.0,,,,,4894.0,-449.5
0,52800,BANANAS,4891.0,24.0,,,,,4897.0,24.0,,,,,4894.0,-463.125
0,52900,BANANAS,4891.0,1.0,4890.0,30.0,,,4897.0,31.0,,,,,4894.0,-391.375
0,53000,BANANAS,4891.0,28.0,,,,,4898.0,28.0,,,,,4894.5,-643.625
0,53100,BANANAS,4892.0,31.0,,,,,4898.0,31.0,,,,,4895.0,-761.25
0,53200,BANANAS,4892.0,31.0,,,,,4898.0,1.0,4899.0,30.0,,,4895.0,-816.875
0,53300,BANANAS,4892.0,24.0,,,,,4899.0,24.0,,,,,4895.5,-926.0
0,53400,BANANAS,4892.0,23.0,,,,,4893.0,1.0,4899.0,23.0,,,4892.5,-953.375
0,53500,BANANAS,4892.0,26.0,,,,,4897.0,8.0,4899.0,26.0,,,4894.5,-943.75
0,53600,BANANAS,4893.0,1.0,4892.0,23.0,,,4899.0,23.0,,,,,4896.0,-989.5
0,53700,BANANAS,4892.0,27.0,,,,,4897.0,10.0,4898.0,2.0,4899.0,25.0,4894.5,-827.0
0,53800,BANANAS,4892.0,25.0,,,,,4897.0,6.0,4898.0,2.0,4899.0,23.0,4894.5,-839.0
0,53900,BANANAS,4897.0,1.0,4896.0,4.0,4891.0,28.0,4898.0,28.0,,,,,4897.5,-712.5
0,54000,BANANAS,4891.0,22.0,,,,,4898.0,22.0,,,,,4894.5,-636.0
0,54100,BANANAS,4892.0,23.0,,,,,4899.0,23.0,,,,,4895.5,-939.375
0,54200,BANANAS,4892.0,1.0,4891.0,20.0,,,4898.0,21.0,,,,,4895.0,-718.5
0,54300,BANANAS,4892.0,1.0,4891.0,25.0,,,4898.0,25.0,,,,,4895.0,-688.0
0,54400,BANANAS,4892.0,23.0,,,,,4898.0,2.0,4899.0,22.0,,,4895.0,-835.25
0,54500,BANANAS,4892.0,28.0,,,,,4897.0,9.0,4899.0,29.0,,,4894.5,-857.125
0,54600,BANANAS,4893.0,4.0,4892.0,28.0,,,4899.0,28.0,,,,,4896.0,-929.75
0,54700,BANANAS,4894.0,3.0,4893.0,21.0,,,4900.0,21.0,,,,,4897.0,-1183.25
0,54800,BANANAS,4893.0,24.0,,,,,4899.0,1.0,4900.0,23.0,,,4896.0,-1185.125
0,54900,BANANAS,4893.0,29.0,,,,,4899.0,1.0,4900.0,28.0,,,4896.0,-1197.75
0,55000,BANANAS,4893.0,27.0,,,,,4900.0,27.0,,,,,4896.5,-1215.5
0,55100,BANANAS,4894.0,2.0,4893.0,29.0,,,4900.0,31.0,,,,,4897.0,-1426.875
0,55200,BANANAS,4894.0,25.0,,,,,4900.0,25.0,,,,,4897.0,-1448.875
0,55300,BANANAS,4894.0,25.0,,,,,4899.0,7.0,4901.0,25.0,,,4896.5,-1602.25
0,55400,BANANAS,4895.0,1.0,4894.0,22.0,,,4901.0,23.0,,,,,4898.0,-1713.125
0,55500,BANANAS,4898.0,2.0,4894.0,26.0,,,4901.0,26.0,,,,,4899.5,-1570.125
0,55600,BANANAS,4895.0,7.0,4894.0,28.0,,,4900.0,1.0,4901.0,27.0,,,4897.5,-1525.875
0,55700,BANANAS,4893.0,21.0,,,,,4898.0,7.0,4900.0,21.0,,,4895.5,-1346.125
0,55800,BANANAS,4894.0,23.0,,,,,4900.0,2.0,4901.0,21.0,,,4897.0,-1491.0
0,55900,BANANAS,4894.0,24.0,,,,,4901.0,24.0,,,,,4897.5,-1662.625
0,56000,BANANAS,4895.0,22.0,,,,,4901.0,22.0,,,,,4898.0,-1806.75
0,56100,BANANAS,4894.0,30.0,,,,,4901.0,30.0,,,,,4897.5,-1616.625
0,56200,BANANAS,4894.0,28.0,,,,,4900.0,2.0,4901.0,26.0,,,4897.0,-1540.875
0,56300,BANANAS,4894.0,23.0,,,,,4899.0,8.0,4901.0,23.0,,,4896.5,-1673.625
0,56400,BANANAS,4895.0,6.0,4894.0,23.0,,,4901.0,23.0,,,,,4898.0,-1522.5
0,56500,BANANAS,4894.0,25.0,,,,,4901.0,25.0,,,,,4897.5,-1745.375
0,56600,BANANAS,4894.0,27.0,,,,,4901.0,27.0,,,,,4897.5,-1636.375
0,56700,BANANAS,4894.0,24.0,,,,,4901.0,25.0,,,,,4897.5,-1512.625
0,56800,BANANAS,4894.0,23.0,,,,,4900.0,24.0,,,,,4897.0,-1453.875
0,56900,BANANAS,4895.0,5.0,4894.0,20.0,,,4901.0,20.0,,,,,4898.0,-1486.25
0,57000,BANANAS,4893.0,25.0,,,,,4900.0,25.0,,,,,4896.5,-1393.375
0,57100,BANANAS,4894.0,2.0,4893.0,25.0,,,4900.0,27.0,,,,,4897.0,-1407.0
0,57200,BANANAS,4893.0,26.0,,,,,4896.0,2.0,4900.0,26.0,,,4894.5,-1382.875
0,57300,BANANAS,4893.0,25.0,,,,,4900.0,25.0,,,,,4896.5,-1436.125
0,57400,BANANAS,4893.0,27.0,,,,,4898.0,2.0,4899.0,2.0,4900.0,26.0,4895.5,-1211.75
0,57500,BANANAS,4892.0,31.0,,,,,4897.0,1.0,4899.0,31.0,,,4894.5,-1010.25
0,57600,BANANAS,4892.0,29.0,,,,,4899.0,29.0,,,,,4895.5,-921.5
0,57700,BANANAS,4892.0,30.0,,,,,4897.0,2.0,4899.0,30.0,,,4894.5,-899.125
0,57800,BANANAS,4892.0,28.0,,,,,4899.0,28.0,,,,,4895.5,-1016.625
0,57900,BANANAS,4893.0,32.0,,,,,4899.0,2.0,4900.0,30.0,,,4896.0,-1215.25
0,58000,BANANAS,4893.0,6.0,4892.0,23.0,,,4899.0,23.0,,,,,4896.0,-1015.0
0,58100,BANANAS,4893.0,23.0,,,,,4899.0,1.0,4900.0,23.0,,,4896.0,-1189.75
0,58200,BANANAS,4893.0,26.0,,,,,4899.0,2.0,4900.0,24.0,,,4896.0,-1211.5
0,58300,BANANAS,4893.0,23.0,,,,,4900.0,23.0,,,,,4896.5,-1368.875
0,58400,BANANAS,4893.0,21.0,,,,,4900.0,21.0,,,,,4896.5,-1323.625
0,58500,BANANAS,4894.0,1.0,4893.0,29.0,,,4900.0,30.0,,,,,4897.0,-1471.0
0,58600,BANANAS,4894.0,2.0,4893.0,29.0,,,4899.0,2.0,4900.0,27.0,,,4896.5,-1247.0
0,58700,BANANAS,4893.0,1.0,4892.0,24.0,,,4899.0,25.0,,,,,4896.0,-1088.75
0,58800,BANANAS,4894.0,5.0,4893.0,24.0,,,4900.0,24.0,,,,,4897.0,-1345.25
0,58900,BANANAS,4894.0,22.0,,,,,4901.0,22.0,,,,,4897.5,-1590.875
0,59000,BANANAS,4895.0,9.0,4894.0,26.0,,,4901.0,26.0,,,,,4898.0,-1604.75
0,59100,BANANAS,4893.0,30.0,,,,,4894.0,12.0,4900.0,30.0,,,4893.5,-1435.375
0,59200,BANANAS,4897.0,1.0,4893.0,31.0,,,4900.0,31.0,,,,,4898.5,-1337.125
0,59300,BANANAS,4894.0,2.0,4893.0,28.0,,,4900.0,30.0,,,,,4897.0,-1428.75
0,59400,BANANAS,4894.0,28.0,,,,,4899.0,3.0,4901.0,28.0,,,4896.5,-1600.125
0,59500,BANANAS,4895.0,1.0,4894.0,29.0,,,4900.0,2.0,4901.0,27.0,,,4897.5,-1635.375
0,59600,BANANAS,4894.0,25.0,,,,,4901.0,25.0,,,,,4897.5,-1742.5
0,59700,BANANAS,4895.0,8.0,4894.0,28.0,,,4901.0,28.0,,,,,4898.0,-1660.625
0,59800,BANANAS,4893.0,20.0,,,,,4900.0,20.0,,,,,4896.5,-1447.25
0,59900,BANANAS,4894.0,3.0,4893.0,22.0,,,4900.0,24.0,,,,,4897.0,-1452.75
0,60000,BANANAS,4894.0,4.0,4893.0,31.0,,,4900.0,31.0,,,,,4897.0,-1330.625
0,60100,BANANAS,4893.0,25.0,,,,,4900.0,25.0,,,,,4896.5,-1324.0
0,60200,BANANAS,4894.0,1.0,4893.0,21.0,,,4900.0,22.0,,,,,4897.0,-1417.75
0,60300,BANANAS,4893.0,24.0,,,,,4900.0,24.0,,,,,4896.5,-1391.625
0,60400,BANANAS,4893.0,25.0,,,,,4900.0,25.0,,,,,4896.5,-1409.25
0,60500,BANANAS,4893.0,22.0,,,,,4900.0,22.0,,,,,4896.5,-1408.875
0,60600,BANANAS,4893.0,27.0,,,,,4898.0,3.0,4900.0,27.0,,,4895.5,-1442.375
0,60700,BANANAS,4894.0,31.0,,,,,4898.0,8.0,4900.0,31.0,,,4896.0,-1509.375
0,60800,BANANAS,4894.0,25.0,,,,,4900.0,1.0,4901.0,24.0,,,4897.0,-1559.125
0,60900,BANANAS,4894.0,25.0,,,,,4900.0,2.0,4901.0,23.0,,,4897.0,-1594.875
0,61000,BANANAS,4894.0,31.0,,,,,4900.0,31.0,,,,,4897.0,-1539.25
0,61100,BANANAS,4894.0,32.0,,,,,4895.0,2.0,4897.0,3.0,4900.0,2.0,4894.5,-1573.75
0,61200,BANANAS,4894.0,30.0,,,,,4901.0,30.0,,,,,4897.5,-1561.625
0,61300,BANANAS,4893.0,31.0,,,,,4900.0,31.0,,,,,4896.5,-1388.0
0,61400,BANANAS,4894.0,2.0,4893.0,26.0,,,4900.0,28.0,,,,,4897.0,-1433.75
0,61500,BANANAS,4893.0,29.0,,,,,4900.0,29.0,,,,,4896.5,-1292.375
0,61600,BANANAS,4893.0,26.0,,,,,4899.0,26.0,,,,,4896.0,-1158.375
0,61700,BANANAS,4898.0,1.0,4893.0,23.0,,,4899.0,1.0,4900.0,22.0,,,4898.5,-1237.0
0,61800,BANANAS,4892.0,29.0,,,,,4899.0,29.0,,,,,4895.5,-1104.25
0,61900,BANANAS,4892.0,25.0,,,,,4899.0,25.0,,,,,4895.5,-1022.0
0,62000,BANANAS,4892.0,23.0,,,,,4898.0,1.0,4899.0,22.0,,,4895.0,-857.5
0,62100,BANANAS,4892.0,25.0,,,,,4898.0,1.0,4899.0,24.0,,,4895.0,-886.5
0,62200,BANANAS,4893.0,8.0,4892.0,26.0,,,4899.0,26.0,,,,,4896.0,-858.0
0,62300,BANANAS,4892.0,22.0,,,,,4899.0,22.0,,,,,4895.5,-917.5
0,62400,BANANAS,4892.0,26.0,,,,,4899.0,26.0,,,,,4895.5,-936.875
0,62500,BANANAS,4892.0,29.0,,,,,4899.0,29.0,,,,,4895.5,-956.375
0,62600,BANANAS,4893.0,2.0,4892.0,29.0,,,4899.0,31.0,,,,,4896.0,-1115.25
0,62700,BANANAS,4893.0,25.0,,,,,4898.0,4.0,4900.0,25.0,,,4895.5,-1231.25
0,62800,BANANAS,4893.0,28.0,,,,,4899.0,28.0,,,,,4896.0,-1154.5
0,62900,BANANAS,4894.0,1.0,4893.0,21.0,,,4900.0,22.0,,,,,4897.0,-1437.0
0,63000,BANANAS,4893.0,27.0,,,,,4899.0,2.0,4900.0,25.0,,,4896.0,-1236.0
0,63100,BANANAS,4893.0,20.0,,,,,4898.0,1.0,4900.0,20.0,,,4895.5,-1448.25
0,63200,BANANAS,4893.0,24.0,,,,,4900.0,24.0,,,,,4896.5,-1392.625
0,63300,BANANAS,4894.0,2.0,4893.0,26.0,,,4900.0,28.0,,,,,4897.0,-1488.75
0,63400,BANANAS,4894.0,1.0,4893.0,30.0,,,4898.0,9.0,4900.0,31.0,,,4896.0,-1446.5
0,63500,BANANAS,4893.0,32.0,,,,,4898.0,3.0,4900.0,32.0,,,4895.5,-1324.875
0,63600,BANANAS,4894.0,31.0,,,,,4898.0,6.0,4900.0,31.0,,,4896.0,-1504.0
0,63700,BANANAS,4895.0,8.0,4894.0,24.0,,,4900.0,24.0,,,,,4897.5,-1543.75
0,63800,BANANAS,4894.0,27.0,,,,,4901.0,28.0,,,,,4897.5,-1695.625
0,63900,BANANAS,4894.0,25.0,,,,,4895.0,1.0,4899.0,3.0,4901.0,25.0,4894.5,-1854.125
0,64000,BANANAS,4895.0,1.0,4894.0,30.0,,,4901.0,31.0,,,,,4898.0,-1858.0
0,64100,BANANAS,4894.0,29.0,,,,,4901.0,29.0,,,,,4897.5,-1794.125
0,64200,BANANAS,4895.0,1.0,4894.0,23.0,,,4899.0,1.0,4901.0,24.0,,,4897.0,-1859.5
0,64300,BANANAS,4895.0,29.0,,,,,4902.0,29.0,,,,,4898.5,-2007.5
0,64400,BANANAS,4894.0,25.0,,,,,4901.0,26.0,,,,,4897.5,-1670.375
0,64500,BANANAS,4896.0,1.0,4895.0,31.0,,,4901.0,1.0,4902.0,30.0,,,4898.5,-2008.875
0,64600,BANANAS,4895.0,23.0,,,,,4901.0,1.0,4902.0,23.0,,,4898.0,-2008.375
0,64700,BANANAS,4895.0,30.0,,,,,4900.0,1.0,4902.0,30.0,,,4897.5,-2063.5
0,64800,BANANAS,4895.0,28.0,,,,,4900.0,4.0,4902.0,28.0,,,4897.5,-2069.75
0,64900,BANANAS,4895.0,29.0,,,,,4902.0,30.0,,,,,4898.5,-2034.875
0,65000,BANANAS,4895.0,22.0,,,,,4900.0,3.0,4902.0,22.0,,,4897.5,-2095.5
0,65100,BANANAS,4896.0,9.0,4895.0,31.0,,,4902.0,31.0,,,,,4899.0,-2030.125
0,65200,BANANAS,4895.0,25.0,,,,,4901.0,25.0,,,,,4898.0,-1923.75
0,65300,BANANAS,4900.0,1.0,4895.0,5.0,4894.0,29.0,4901.0,31.0,,,,,4900.5,-1837.125
0,65400,BANANAS,4894.0,25.0,,,,,4901.0,25.0,,,,,4897.5,-1778.25
0,65500,BANANAS,4895.0,2.0,4894.0,25.0,,,4899.0,6.0,4901.0,27.0,,,4897.0,-1781.25
0,65600,BANANAS,4895.0,8.0,4894.0,28.0,,,4901.0,28.0,,,,,4898.0,-1537.5
0,65700,BANANAS,4894.0,21.0,,,,,4901.0,21.0,,,,,4897.5,-1676.875
0,65800,BANANAS,4894.0,29.0,,,,,4901.0,29.0,,,,,4897.5,-1615.625
0,65900,BANANAS,4895.0,1.0,4894.0,26.0,,,4901.0,27.0,,,,,4898.0,-1782.75
0,66000,BANANAS,4894.0,21.0,,,,,4901.0,21.0,,,,,4897.5,-1727.75
0,66100,BANANAS,4893.0,22.0,,,,,4900.0,22.0,,,,,4896.5,-1468.5
0,66200,BANANAS,4894.0,28.0,,,,,4901.0,28.0,,,,,4897.5,-1607.25
0,66300,BANANAS,4893.0,25.0,,,,,4900.0,25.0,,,,,4896.5,-1404.5
0,66400,BANANAS,4893.0,29.0,,,,,4898.0,6.0,4899.0,29.0,,,4895.5,-1139.0
0,66500,BANANAS,4892.0,23.0,,,,,4898.0,2.0,4899.0,22.0,,,4895.0,-818.625
0,66600,BANANAS,4895.0,1.0,4892.0,25.0,,,4897.0,8.0,4899.0,25.0,,,4896.0,-815.5
0,66700,BANANAS,4894.0,6.0,4893.0,1.0,4892.0,30.0,4898.0,30.0,,,,,4896.0,-751.625
0,66800,BANANAS,4891.0,24.0,,,,,4898.0,24.0,,,,,4894.5,-543.25
0,66900,BANANAS,4891.0,29.0,,,,,4898.0,29.0,,,,,4894.5,-631.75
0,67000,BANANAS,4892.0,2.0,4891.0,30.0,,,4893.0,5.0,4898.0,32.0,,,4892.5,-645.5
0,67100,BANANAS,4891.0,22.0,,,,,4892.0,1.0,4896.0,4.0,4898.0,22.0,4891.5,-620.375
0,67200,BANANAS,4891.0,30.0,,,,,4897.0,2.0,4898.0,28.0,,,4894.0,-468.375
0,67300,BANANAS,4891.0,1.0,4890.0,25.0,,,4895.0,3.0,4897.0,26.0,,,4893.0,-282.125
0,67400,BANANAS,4891.0,30.0,,,,,4897.0,1.0,4898.0,29.0,,,4894.0,-475.375
0,67500,BANANAS,4892.0,1.0,4891.0,28.0,,,4898.0,29.0,,,,,4895.0,-735.625
0,67600,BANANAS,4891.0,31.0,,,,,4897.0,31.0,,,,,4894.0,-435.625
0,67700,BANANAS,4892.0,2.0,4891.0,21.0,,,4898.0,21.0,,,,,4895.0,-675.875
0,67800,BANANAS,4892.0,23.0,,,,,4898.0,23.0,,,,,4895.0,-842.75
0,67900,BANANAS,4893.0,2.0,4892.0,20.0,,,4897.0,4.0,4899.0,22.0,,,4895.0,-1144.375
0,68000,BANANAS,4892.0,30.0,,,,,4899.0,30.0,,,,,4895.5,-999.375
0,68100,BANANAS,4892.0,26.0,,,,,4899.0,26.0,,,,,4895.5,-950.5
0,68200,BANANAS,4892.0,26.0,,,,,4895.0,5.0,4898.0,2.0,4899.0,24.0,4893.5,-953.25
0,68300,BANANAS,4892.0,1.0,4891.0,26.0,,,4898.0,27.0,,,,,4895.0,-822.75
0,68400,BANANAS,4892.0,34.0,,,,,4898.0,28.0,,,,,4895.0,-868.25
0,68500,BANANAS,4893.0,2.0,4892.0,24.0,,,4899.0,24.0,,,,,4896.0,-1072.25
0,68600,BANANAS,4892.0,31.0,,,,,4897.0,10.0,4899.0,31.0,,,4894.5,-1166.25
0,68700,BANANAS,4894.0,7.0,4893.0,29.0,,,4899.0,29.0,,,,,4896.5,-1337.75
0,68800,BANANAS,4893.0,23.0,,,,,4900.0,23.0,,,,,4896.5,-1592.0
0,68900,BANANAS,4896.0,6.0,4893.0,21.0,,,4900.0,21.0,,,,,4898.0,-1414.75
0,69000,BANANAS,4894.0,3.0,4893.0,21.0,,,4900.0,21.0,,,,,4897.0,-1536.25
0,69100,BANANAS,4893.0,21.0,,,,,4900.0,21.0,,,,,4896.5,-1536.0
0,69200,BANANAS,4893.0,27.0,,,,,4898.0,6.0,4899.0,1.0,4900.0,26.0,4895.5,-1396.75
0,69300,BANANAS,4893.0,24.0,,,,,4899.0,2.0,4900.0,22.0,,,4896.0,-1342.0
0,69400,BANANAS,4893.0,28.0,,,,,4899.0,1.0,4900.0,27.0,,,4896.0,-1420.0
0,69500,BANANAS,4894.0,3.0,4893.0,27.0,,,4900.0,27.0,,,,,4897.0,-1513.75
0,69600,BANANAS,4893.0,25.0,,,,,4898.0,4.0,4900.0,25.0,,,4895.5,-1573.75
0,69700,BANANAS,4894.0,29.0,,,,,4901.0,29.0,,,,,4897.5,-1889.75
0,69800,BANANAS,4895.0,1.0,4894.0,26.0,,,4901.0,28.0,,,,,4898.0,-2073.75
0,69900,BANANAS,4895.0,26.0,,,,,4902.0,26.0,,,,,4898.5,-2297.0
0,70000,BANANAS,4896.0,10.0,4895.0,29.0,,,4902.0,29.0,,,,,4899.0,-2428.5
0,70100,BANANAS,4895.0,27.0,,,,,4900.0,6.0,4902.0,27.0,,,4897.5,-2285.25
0,70200,BANANAS,4896.0,1.0,4895.0,25.0,,,4902.0,26.0,,,,,4899.0,-2637.0
0,70300,BANANAS,4895.0,25.0,,,,,4902.0,25.0,,,,,4898.5,-2572.25
0,70400,BANANAS,4895.0,31.0,,,,,4900.0,9.0,4902.0,31.0,,,4897.5,-2380.75
0,70500,BANANAS,4895.0,24.0,,,,,4902.0,24.0,,,,,4898.5,-2373.0
0,70600,BANANAS,4900.0,1.0,4895.0,2.0,4894.0,27.0,4901.0,29.0,,,,,4900.5,-2175.25
0,70700,BANANAS,4894.0,24.0,,,,,4899.0,2.0,4901.0,24.0,,,4896.5,-2160.25
0,70800,BANANAS,4895.0,1.0,4894.0,30.0,,,4901.0,32.0,,,,,4898.0,-2127.0
0,70900,BANANAS,4894.0,29.0,,,,,4901.0,29.0,,,,,4897.5,-2156.25
0,71000,BANANAS,4899.0,1.0,4894.0,31.0,,,4901.0,31.0,,,,,4900.0,-1909.25
0,71100,BANANAS,4895.0,22.0,,,,,4896.0,7.0,4901.0,2.0,4902.0,20.0,4895.5,-2316.75
0,71200,BANANAS,4896.0,2.0,4895.0,24.0,,,4902.0,26.0,,,,,4899.0,-2634.75
0,71300,BANANAS,4895.0,20.0,,,,,4902.0,20.0,,,,,4898.5,-2612.25
0,71400,BANANAS,4895.0,30.0,,,,,4902.0,30.0,,,,,4898.5,-2430.25
0,71500,BANANAS,4895.0,31.0,,,,,4902.0,31.0,,,,,4898.5,-2440.25
0,71600,BANANAS,4895.0,22.0,,,,,4902.0,22.0,,,,,4898.5,-2433.0
0,71700,BANANAS,4895.0,28.0,,,,,4902.0,28.0,,,,,4898.5,-2343.5
0,71800,BANANAS,4895.0,2.0,4894.0,20.0,,,4901.0,22.0,,,,,4898.0,-2120.75
0,71900,BANANAS,4894.0,22.0,,,,,4897.0,5.0,4901.0,22.0,,,4895.5,-1919.75
0,72000,BANANAS,4893.0,29.0,,,,,4898.0,8.0,4900.0,29.0,,,4895.5,-1487.5
0,72100,BANANAS,4893.0,28.0,,,,,4894.0,3.0,4898.0,1.0,4900.0,28.0,4893.5,-1464.75
0,72200,BANANAS,4893.0,1.0,4892.0,20.0,,,4899.0,21.0,,,,,4896.0,-1179.0
0,72300,BANANAS,4893.0,30.0,,,,,4899.0,1.0,4900.0,29.0,,,4896.0,-1327.0
0,72400,BANANAS,4893.0,24.0,,,,,4900.0,24.0,,,,,4896.5,-1376.25
0,72500,BANANAS,4893.0,30.0,,,,,4899.0,2.0,4900.0,28.0,,,4896.0,-1418.0
0,72600,BANANAS,4895.0,4.0,4892.0,24.0,,,4899.0,24.0,,,,,4897.0,-1052.25
0,72700,BANANAS,4892.0,29.0,,,,,4899.0,29.0,,,,,4895.5,-1199.75
0,72800,BANANAS,4893.0,30.0,,,,,4900.0,30.0,,,,,4896.5,-1336.25
0,72900,BANANAS,4893.0,24.0,,,,,4899.0,24.0,,,,,4896.0,-1283.75
0,73000,BANANAS,4893.0,26.0,,,,,4900.0,26.0,,,,,4896.5,-1513.75
0,73100,BANANAS,4893.0,26.0,,,,,4897.0,5.0,4899.0,26.0,,,4895.0,-1292.75
0,73200,BANANAS,4893.0,31.0,,,,,4900.0,31.0,,,,,4896.5,-1477.5
0,73300,BANANAS,4897.0,2.0,4893.0,24.0,,,4900.0,24.0,,,,,4898.5,-1519.5
0,73400,BANANAS,4893.0,30.0,,,,,4898.0,6.0,4899.0,1.0,4900.0,29.0,4895.5,-1402.0
0,73500,BANANAS,4893.0,21.0,,,,,4899.0,21.0,,,,,4896.0,-1316.0
0,73600,BANANAS,4893.0,21.0,,,,,4900.0,21.0,,,,,4896.5,-1358.75
0,73700,BANANAS,4898.0,1.0,4892.0,20.0,,,4899.0,20.0,,,,,4898.5,-1180.0
0,73800,BANANAS,4893.0,6.0,4892.0,27.0,,,4899.0,27.0,,,,,4896.0,-1109.5
0,73900,BANANAS,4893.0,5.0,4892.0,22.0,,,4899.0,24.0,,,,,4896.0,-1214.25
0,74000,BANANAS,4892.0,21.0,,,,,4895.0,3.0,4899.0,21.0,,,4893.5,-945.25
0,74100,BANANAS,4892.0,28.0,,,,,4898.0,26.0,,,,,4895.0,-785.0
0,74200,BANANAS,4891.0,29.0,,,,,4898.0,29.0,,,,,4894.5,-706.5
0,74300,BANANAS,4891.0,24.0,,,,,4892.0,11.0,4898.0,24.0,,,4891.5,-744.25
0,74400,BANANAS,4891.0,20.0,,,,,4898.0,21.0,,,,,4894.5,-559.0
0,74500,BANANAS,4894.0,1.0,4891.0,27.0,,,4897.0,27.0,,,,,4895.5,-359.5
0,74600,BANANAS,4891.0,1.0,4890.0,27.0,,,4897.0,29.0,,,,,4894.0,-216.75
0,74700,BANANAS,4890.0,22.0,,,,,4896.0,2.0,4897.0,20.0,,,4893.0,100.5
0,74800,BANANAS,4890.0,24.0,,,,,4896.0,24.0,,,,,4893.0,119.5
0,74900,BANANAS,4890.0,22.0,,,,,4895.0,3.0,4896.0,1.0,4897.0,21.0,4892.5,46.25
0,75000,BANANAS,4890.0,25.0,,,,,4896.0,25.0,,,,,4893.0,157.0
0,75100,BANANAS,4891.0,5.0,4890.0,23.0,,,4897.0,23.0,,,,,4894.0,-138.25
0,75200,BANANAS,4895.0,13.0,4890.0,29.0,,,4897.0,29.0,,,,,4896.0,-118.75
0,75300,BANANAS,4891.0,27.0,,,,,4892.0,1.0,4898.0,27.0,,,4891.5,-815.5
0,75400,BANANAS,4896.0,5.0,4892.0,28.0,,,4899.0,28.0,,,,,4897.5,-1037.25
0,75500,BANANAS,4892.0,24.0,,,,,4898.0,24.0,,,,,4895.0,-860.5
0,75600,BANANAS,4892.0,30.0,,,,,4897.0,9.0,4899.0,30.0,,,4894.5,-932.0
0,75700,BANANAS,4892.0,20.0,,,,,4897.0,1.0,4899.0,20.0,,,4894.5,-1200.25
0,75800,BANANAS,4892.0,31.0,,,,,4899.0,31.0,,,,,4895.5,-1099.75
0,75900,BANANAS,4892.0,21.0,,,,,4895.0,1.0,4898.0,21.0,,,4893.5,-852.75
0,76000,BANANAS,4892.0,21.0,,,,,4897.0,9.0,4898.0,21.0,,,4894.5,-866.5
0,76100,BANANAS,4892.0,26.0,,,,,4898.0,1.0,4899.0,25.0,,,4895.0,-1030.0
0,76200,BANANAS,4892.0,20.0,,,,,4899.0,20.0,,,,,4895.5,-1188.75
0,76300,BANANAS,4892.0,22.0,,,,,4893.0,1.0,4899.0,22.0,,,4892.5,-1171.5
0,76400,BANANAS,4893.0,2.0,4892.0,26.0,,,4899.0,28.0,,,,,4896.0,-1372.5
0,76500,BANANAS,4893.0,21.0,,,,,4899.0,1.0,4900.0,20.0,,,4896.0,-1510.75
0,76600,BANANAS,4898.0,1.0,4893.0,30.0,,,4900.0,30.0,,,,,4899.0,-1636.0
0,76700,BANANAS,4894.0,1.0,4893.0,26.0,,,4900.0,26.0,,,,,4897.0,-1621.25
0,76800,BANANAS,4893.0,27.0,,,,,4894.0,1.0,4900.0,27.0,,,4893.5,-1756.75
0,76900,BANANAS,4894.0,2.0,4893.0,21.0,,,4900.0,23.0,,,,,4897.0,-1828.75
0,77000,BANANAS,4894.0,2.0,4893.0,30.0,,,4900.0,32.0,,,,,4897.0,-1872.25
0,77100,BANANAS,4894.0,29.0,,,,,4900.0,30.0,,,,,4897.0,-1995.75
0,77200,BANANAS,4894.0,30.0,,,,,4901.0,30.0,,,,,4897.5,-2332.25
0,77300,BANANAS,4895.0,1.0,4894.0,23.0,,,4901.0,24.0,,,,,4898.0,-2376.5
0,77400,BANANAS,4894.0,22.0,,,,,4901.0,22.0,,,,,4897.5,-2283.0
0,77500,BANANAS,4895.0,28.0,,,,,4901.0,28.0,,,,,4898.0,-2485.75
0,77600,BANANAS,4894.0,31.0,,,,,4901.0,31.0,,,,,4897.5,-2316.75
0,77700,BANANAS,4895.0,5.0,4894.0,28.0,,,4901.0,28.0,,,,,4898.0,-2259.75
0,77800,BANANAS,4894.0,29.0,,,,,4901.0,29.0,,,,,4897.5,-2304.25
0,77900,BANANAS,4895.0,2.0,4894.0,24.0,,,4901.0,26.0,,,,,4898.0,-2391.75
0,78000,BANANAS,4895.0,2.0,4894.0,27.0,,,4901.0,28.0,,,,,4898.0,-2399.25
0,78100,BANANAS,4896.0,4.0,4895.0,31.0,,,4901.0,31.0,,,,,4898.5,-2488.25
0,78200,BANANAS,4895.0,8.0,4894.0,28.0,,,4901.0,28.0,,,,,4898.0,-2246.5
0,78300,BANANAS,4895.0,3.0,4894.0,28.0,,,4900.0,28.0,,,,,4897.5,-2002.5
0,78400,BANANAS,4894.0,28.0,,,,,4900.0,2.0,4901.0,26.0,,,4897.0,-2087.5
0,78500,BANANAS,4893.0,21.0,,,,,4900.0,21.0,,,,,4896.5,-1911.75
0,78600,BANANAS,4894.0,32.0,,,,,4900.0,32.0,,,,,4897.0,-1973.0
0,78700,BANANAS,4893.0,21.0,,,,,4900.0,21.0,,,,,4896.5,-1919.0
0,78800,BANANAS,4900.0,1.0,4897.0,2.0,4895.0,2.0,4901.0,29.0,,,,,4900.5,-2348.25
0,78900,BANANAS,4894.0,1.0,4893.0,29.0,,,4900.0,30.0,,,,,4897.0,-1912.25
0,79000,BANANAS,4894.0,24.0,,,,,4901.0,24.0,,,,,4897.5,-2339.5
0,79100,BANANAS,4894.0,24.0,,,,,4895.0,1.0,4901.0,24.0,,,4894.5,-2445.0
0,79200,BANANAS,4895.0,26.0,,,,,4896.0,3.0,4901.0,26.0,,,4895.5,-2525.75
0,79300,BANANAS,4895.0,1.0,4894.0,22.0,,,4901.0,23.0,,,,,4898.0,-2430.75
0,79400,BANANAS,4895.0,22.0,,,,,4902.0,22.0,,,,,4898.5,-2701.75
0,79500,BANANAS,4895.0,28.0,,,,,4902.0,28.0,,,,,4898.5,-2865.5
0,79600,BANANAS,4895.0,24.0,,,,,4902.0,24.0,,,,,4898.5,-2627.5
0,79700,BANANAS,4896.0,1.0,4895.0,31.0,,,4898.0,3.0,4902.0,31.0,,,4897.0,-2689.25
0,79800,BANANAS,4900.0,1.0,4895.0,2.0,4894.0,24.0,4901.0,26.0,,,,,4900.5,-2349.5
0,79900,BANANAS,4894.0,7.0,4893.0,20.0,,,4900.0,22.0,,,,,4897.0,-1906.5
0,80000,BANANAS,4894.0,1.0,4893.0,24.0,,,4900.0,25.0,,,,,4897.0,-1821.25
0,80100,BANANAS,4894.0,23.0,,,,,4899.0,5.0,4901.0,23.0,,,4896.5,-2126.75
0,80200,BANANAS,4894.0,22.0,,,,,4901.0,22.0,,,,,4897.5,-2353.75
0,80300,BANANAS,4895.0,3.0,4894.0,23.0,,,4901.0,23.0,,,,,4898.0,-2115.75
0,80400,BANANAS,4899.0,1.0,4894.0,22.0,,,4901.0,22.0,,,,,4900.0,-2249.25
0,80500,BANANAS,4894.0,27.0,,,,,4901.0,27.0,,,,,4897.5,-2165.0
0,80600,BANANAS,4894.0,21.0,,,,,4901.0,21.0,,,,,4897.5,-2121.0
0,80700,BANANAS,4894.0,31.0,,,,,4900.0,1.0,4901.0,30.0,,,4897.0,-2122.75
0,80800,BANANAS,4894.0,9.0,4893.0,29.0,,,4900.0,30.0,,,,,4897.0,-1928.0
0,80900,BANANAS,4895.0,6.0,4894.0,26.0,,,4901.0,26.0,,,,,4898.0,-2298.5
0,81000,BANANAS,4894.0,22.0,,,,,4901.0,22.0,,,,,4897.5,-2186.0
0,81100,BANANAS,4894.0,26.0,,,,,4900.0,2.0,4901.0,24.0,,,4897.0,-2047.75
0,81200,BANANAS,4894.0,23.0,,,,,4900.0,2.0,4901.0,21.0,,,4897.0,-2079.75
0,81300,BANANAS,4893.0,29.0,,,,,4900.0,29.0,,,,,4896.5,-1867.0
0,81400,BANANAS,4894.0,1.0,4893.0,30.0,,,4900.0,31.0,,,,,4897.0,-1880.75
0,81500,BANANAS,4894.0,29.0,,,,,4900.0,2.0,4901.0,28.0,,,4897.0,-2115.25
0,81600,BANANAS,4895.0,1.0,4894.0,24.0,,,4901.0,25.0,,,,,4898.0,-2421.25
0,81700,BANANAS,4896.0,3.0,4895.0,26.0,,,4902.0,26.0,,,,,4899.0,-2635.25
0,81800,BANANAS,4900.0,1.0,4895.0,28.0,,,4902.0,28.0,,,,,4901.0,-2698.75
0,81900,BANANAS,4895.0,24.0,,,,,4902.0,24.0,,,,,4898.5,-2800.5
0,82000,BANANAS,4894.0,24.0,,,,,4895.0,1.0,4901.0,24.0,,,4894.5,-2235.5
0,82100,BANANAS,4894.0,3.0,4893.0,22.0,,,4900.0,24.0,,,,,4897.0,-1852.5
0,82200,BANANAS,4894.0,4.0,4893.0,24.0,,,4900.0,24.0,,,,,4897.0,-1854.25
0,82300,BANANAS,4894.0,2.0,4893.0,30.0,,,4900.0,30.0,,,,,4897.0,-1812.5
0,82400,BANANAS,4894.0,8.0,4893.0,25.0,,,4900.0,25.0,,,,,4897.0,-1605.75
0,82500,BANANAS,4898.0,1.0,4893.0,26.0,,,4900.0,26.0,,,,,4899.0,-1400.25
0,82600,BANANAS,4893.0,1.0,4892.0,25.0,,,4899.0,26.0,,,,,4896.0,-1254.0
0,82700,BANANAS,4892.0,28.0,,,,,4893.0,1.0,4899.0,28.0,,,4892.5,-1058.5
0,82800,BANANAS,4895.0,3.0,4893.0,2.0,4892.0,21.0,4899.0,23.0,,,,,4897.0,-1213.0
0,82900,BANANAS,4893.0,1.0,4892.0,21.0,,,4897.0,2.0,4899.0,22.0,,,4895.0,-1296.75
0,83000,BANANAS,4894.0,9.0,4893.0,23.0,,,4900.0,23.0,,,,,4897.0,-1486.0
0,83100,BANANAS,4893.0,28.0,,,,,4900.0,28.0,,,,,4896.5,-1507.75
0,83200,BANANAS,4894.0,7.0,4893.0,30.0,,,4900.0,30.0,,,,,4897.0,-1706.0
0,83300,BANANAS,4894.0,30.0,,,,,4898.0,2.0,4900.0,30.0,,,4896.0,-1939.75
0,83400,BANANAS,4893.0,27.0,,,,,4900.0,27.0,,,,,4896.5,-1546.25
0,83500,BANANAS,4893.0,2.0,4892.0,22.0,,,4897.0,7.0,4899.0,24.0,,,4895.0,-1213.5
0,83600,BANANAS,4892.0,27.0,,,,,4899.0,27.0,,,,,4895.5,-1072.5
0,83700,BANANAS,4892.0,29.0,,,,,4899.0,29.0,,,,,4895.5,-1305.5
0,83800,BANANAS,4893.0,24.0,,,,,4900.0,24.0,,,,,4896.5,-1491.0
0,83900,BANANAS,4893.0,25.0,,,,,4897.0,1.0,4899.0,25.0,,,4895.0,-1329.75
0,84000,BANANAS,4892.0,22.0,,,,,4899.0,22.0,,,,,4895.5,-995.75
0,84100,BANANAS,4896.0,1.0,4891.0,24.0,,,4897.0,1.0,4898.0,23.0,,,4896.5,-374.0
0,84200,BANANAS,4891.0,30.0,,,,,4892.0,3.0,4896.0,8.0,4897.0,1.0,4891.5,-324.5
0,84300,BANANAS,4890.0,26.0,,,,,4897.0,26.0,,,,,4893.5,-7.0
0,84400,BANANAS,4890.0,24.0,,,,,4895.0,6.0,4896.0,1.0,4897.0,23.0,4892.5,280.5
0,84500,BANANAS,4891.0,1.0,4890.0,27.0,,,4895.0,8.0,4897.0,28.0,,,4893.0,-48.25
0,84600,BANANAS,4891.0,21.0,,,,,4898.0,21.0,,,,,4894.5,-362.75
0,84700,BANANAS,4892.0,3.0,4891.0,32.0,,,4898.0,32.0,,,,,4895.0,-605.75
0,84800,BANANAS,4896.0,1.0,4891.0,23.0,,,4898.0,23.0,,,,,4897.0,-460.75
0,84900,BANANAS,4891.0,1.0,4890.0,28.0,,,4897.0,29.0,,,,,4894.0,-126.5
0,85000,BANANAS,4890.0,29.0,,,,,4897.0,29.0,,,,,4893.5,-169.25
0,85100,BANANAS,4891.0,22.0,,,,,4896.0,8.0,4897.0,2.0,4898.0,20.0,4893.5,-344.5
0,85200,BANANAS,4891.0,27.0,,,,,4896.0,9.0,4897.0,2.0,4898.0,25.0,4893.5,-310.5
0,85300,BANANAS,4891.0,22.0,,,,,4896.0,4.0,4898.0,22.0,,,4893.5,-259.75
0,85400,BANANAS,4896.0,1.0,4891.0,29.0,,,4897.0,29.0,,,,,4896.5,-222.25
0,85500,BANANAS,4891.0,9.0,4890.0,30.0,,,4897.0,32.0,,,,,4894.0,-47.75
0,85600,BANANAS,4890.0,27.0,,,,,4895.0,7.0,4896.0,2.0,4897.0,25.0,4892.5,208.0
0,85700,BANANAS,4890.0,22.0,,,,,4891.0,3.0,4897.0,22.0,,,4890.5,114.5
0,85800,BANANAS,4891.0,3.0,4890.0,20.0,,,4892.0,1.0,4897.0,22.0,,,4891.5,-59.5
0,85900,BANANAS,4891.0,1.0,4890.0,20.0,,,4897.0,21.0,,,,,4894.0,-147.75
0,86000,BANANAS,4890.0,1.0,4889.0,20.0,,,4896.0,21.0,,,,,4893.0,474.75
0,86100,BANANAS,4890.0,22.0,,,,,4896.0,22.0,,,,,4893.0,342.75
0,86200,BANANAS,4893.0,6.0,4890.0,22.0,,,4897.0,22.0,,,,,4895.0,35.25
0,86300,BANANAS,4891.0,4.0,4890.0,23.0,,,4897.0,23.0,,,,,4894.0,59.75
0,86400,BANANAS,4890.0,23.0,,,,,4897.0,23.0,,,,,4893.5,-89.0
0,86500,BANANAS,4892.0,8.0,4891.0,30.0,,,4897.0,2.0,4898.0,28.0,,,4894.5,-265.5
0,86600,BANANAS,4890.0,27.0,,,,,4897.0,27.0,,,,,4893.5,-82.5
0,86700,BANANAS,4891.0,26.0,,,,,4898.0,26.0,,,,,4894.5,-358.25
0,86800,BANANAS,4891.0,1.0,4890.0,20.0,,,4897.0,21.0,,,,,4894.0,-74.0
0,86900,BANANAS,4895.0,1.0,4891.0,7.0,4890.0,32.0,4896.0,2.0,4897.0,30.0,,,4895.5,188.25
0,87000,BANANAS,4891.0,28.0,,,,,4896.0,10.0,4897.0,2.0,4898.0,26.0,4893.5,-339.75
0,87100,BANANAS,4895.0,6.0,4890.0,32.0,,,4897.0,32.0,,,,,4896.0,70.25
0,87200,BANANAS,4890.0,27.0,,,,,4897.0,27.0,,,,,4893.5,248.25
0,87300,BANANAS,4895.0,1.0,4890.0,31.0,,,4896.0,2.0,4897.0,29.0,,,4895.5,234.5
0,87400,BANANAS,4891.0,4.0,4890.0,30.0,,,4897.0,30.0,,,,,4894.0,285.25
0,87500,BANANAS,4895.0,1.0,4890.0,22.0,,,4897.0,22.0,,,,,4896.0,119.0
0,87600,BANANAS,4890.0,26.0,,,,,4897.0,26.0,,,,,4893.5,114.75
0,87700,BANANAS,4890.0,23.0,,,,,4893.0,3.0,4897.0,23.0,,,4891.5,242.25
0,87800,BANANAS,4890.0,27.0,,,,,4897.0,27.0,,,,,4893.5,153.5
0,87900,BANANAS,4895.0,1.0,4890.0,22.0,,,4897.0,22.0,,,,,4896.0,102.25
0,88000,BANANAS,4891.0,10.0,4890.0,28.0,,,4896.0,2.0,4897.0,26.0,,,4893.5,275.0
0,88100,BANANAS,4890.0,31.0,,,,,4896.0,31.0,,,,,4893.0,373.25
0,88200,BANANAS,4890.0,24.0,,,,,4897.0,24.0,,,,,4893.5,-101.75
0,88300,BANANAS,4891.0,2.0,4890.0,27.0,,,4897.0,29.0,,,,,4894.0,-45.5
0,88400,BANANAS,4891.0,22.0,,,,,4896.0,9.0,4897.0,1.0,4898.0,21.0,4893.5,-328.5
0,88500,BANANAS,4890.0,24.0,,,,,4897.0,24.0,,,,,4893.5,52.75
0,88600,BANANAS,4895.0,8.0,4890.0,22.0,,,4897.0,22.0,,,,,4896.0,98.5
0,88700,BANANAS,4890.0,28.0,,,,,4896.0,28.0,,,,,4893.0,425.75
0,88800,BANANAS,4889.0,30.0,,,,,4896.0,30.0,,,,,4892.5,761.25
0,88900,BANANAS,4889.0,31.0,,,,,4895.0,31.0,,,,,4892.0,991.25
0,89000,BANANAS,4889.0,28.0,,,,,4895.0,28.0,,,,,4892.0,1000.25
0,89100,BANANAS,4894.0,1.0,4888.0,24.0,,,4895.0,24.0,,,,,4894.5,1234.25
0,89200,BANANAS,4894.0,1.0,4888.0,25.0,,,4895.0,25.0,,,,,4894.5,1200.5
0,89300,BANANAS,4888.0,28.0,,,,,4895.0,28.0,,,,,4891.5,1292.5
0,89400,BANANAS,4888.0,23.0,,,,,4894.0,2.0,4895.0,21.0,,,4891.0,1498.5
0,89500,BANANAS,4893.0,1.0,4888.0,28.0,,,4894.0,2.0,4895.0,26.0,,,4893.5,1554.25
0,89600,BANANAS,4888.0,3.0,4887.0,26.0,,,4894.0,26.0,,,,,4891.0,1894.25
0,89700,BANANAS,4887.0,21.0,,,,,4892.0,5.0,4894.0,21.0,,,4889.5,1886.0
0,89800,BANANAS,4888.0,6.0,4887.0,31.0,,,4893.0,1.0,4894.0,30.0,,,4890.5,2055.25
0,89900,BANANAS,4887.0,7.0,4886.0,20.0,,,4893.0,22.0,,,,,4890.0,2314.25
0,90000,BANANAS,4886.0,29.0,,,,,4893.0,29.0,,,,,4889.5,2364.0
0,90100,BANANAS,4886.0,22.0,,,,,4893.0,22.0,,,,,4889.5,2465.0
0,90200,BANANAS,4887.0,4.0,4886.0,24.0,,,4893.0,24.0,,,,,4890.0,2457.5
0,90300,BANANAS,4887.0,4.0,4886.0,28.0,,,4893.0,28.0,,,,,4890.0,2425.25
0,90400,BANANAS,4887.0,1.0,4886.0,25.0,,,4888.0,3.0,4893.0,26.0,,,4887.5,2396.0
0,90500,BANANAS,4886.0,27.0,,,,,4892.0,2.0,4893.0,25.0,,,4889.0,2676.0
0,90600,BANANAS,4887.0,24.0,,,,,4894.0,24.0,,,,,4890.5,2066.5
0,90700,BANANAS,4887.0,23.0,,,,,4892.0,6.0,4893.0,1.0,4894.0,22.0,4889.5,2147.5
0,90800,BANANAS,4886.0,27.0,,,,,4893.0,27.0,,,,,4889.5,2608.75
0,90900,BANANAS,4886.0,23.0,,,,,4891.0,8.0,4893.0,23.0,,,4888.5,2444.75
0,91000,BANANAS,4887.0,29.0,,,,,4893.0,29.0,,,,,4890.0,2188.5
0,91100,BANANAS,4887.0,29.0,,,,,4893.0,1.0,4894.0,28.0,,,4890.0,2047.0
0,91200,BANANAS,4893.0,1.0,4887.0,24.0,,,4894.0,24.0,,,,,4893.5,1862.25
0,91300,BANANAS,4888.0,8.0,4887.0,30.0,,,4894.0,30.0,,,,,4891.0,1966.75
0,91400,BANANAS,4887.0,27.0,,,,,4888.0,1.0,4894.0,27.0,,,4887.5,1887.0
0,91500,BANANAS,4887.0,30.0,,,,,4894.0,30.0,,,,,4890.5,1824.75
0,91600,BANANAS,4888.0,22.0,,,,,4889.0,1.0,4895.0,22.0,,,4888.5,1309.5
0,91700,BANANAS,4888.0,31.0,,,,,4895.0,31.0,,,,,4891.5,1354.5
0,91800,BANANAS,4888.0,30.0,,,,,4890.0,2.0,4895.0,30.0,,,4889.0,1315.25
0,91900,BANANAS,4893.0,1.0,4889.0,3.0,4888.0,24.0,4895.0,24.0,,,,,4894.0,1468.25
0,92000,BANANAS,4889.0,8.0,4888.0,25.0,,,4890.0,4.0,4895.0,26.0,,,4889.5,1070.25
0,92100,BANANAS,4889.0,2.0,4888.0,21.0,,,4895.0,23.0,,,,,4892.0,1083.75
0,92200,BANANAS,4889.0,26.0,,,,,4895.0,2.0,4896.0,24.0,,,4892.0,943.25
0,92300,BANANAS,4888.0,27.0,,,,,4895.0,27.0,,,,,4891.5,1111.25
0,92400,BANANAS,4894.0,1.0,4888.0,22.0,,,4895.0,22.0,,,,,4894.5,1241.25
0,92500,BANANAS,4888.0,22.0,,,,,4893.0,9.0,4895.0,22.0,,,4890.5,1487.0
0,92600,BANANAS,4888.0,26.0,,,,,4895.0,26.0,,,,,4891.5,1261.75
0,92700,BANANAS,4888.0,21.0,,,,,4895.0,21.0,,,,,4891.5,1452.25
0,92800,BANANAS,4889.0,20.0,,,,,4895.0,20.0,,,,,4892.0,1051.0
0,92900,BANANAS,4888.0,25.0,,,,,4893.0,1.0,4895.0,25.0,,,4890.5,1312.5
0,93000,BANANAS,4889.0,2.0,4888.0,23.0,,,4893.0,3.0,4895.0,25.0,,,4891.0,1116.5
0,93100,BANANAS,4889.0,28.0,,,,,4895.0,28.0,,,,,4892.0,1073.75
0,93200,BANANAS,4888.0,30.0,,,,,4895.0,30.0,,,,,4891.5,1277.0
0,93300,BANANAS,4889.0,1.0,4888.0,29.0,,,4893.0,9.0,4895.0,30.0,,,4891.0,1132.0
0,93400,BANANAS,4889.0,30.0,,,,,4896.0,30.0,,,,,4892.5,914.75
0,93500,BANANAS,4889.0,20.0,,,,,4893.0,6.0,4895.0,20.0,,,4891.0,1039.25
0,93600,BANANAS,4889.0,21.0,,,,,4895.0,1.0,4896.0,20.0,,,4892.0,1005.5
0,93700,BANANAS,4894.0,1.0,4888.0,25.0,,,4895.0,25.0,,,,,4894.5,1308.0
0,93800,BANANAS,4889.0,1.0,4888.0,25.0,,,4895.0,26.0,,,,,4892.0,1202.75
0,93900,BANANAS,4889.0,1.0,4888.0,27.0,,,4895.0,28.0,,,,,4892.0,1231.0
0,94000,BANANAS,4894.0,1.0,4889.0,21.0,,,4896.0,21.0,,,,,4895.0,837.25
0,94100,BANANAS,4889.0,27.0,,,,,4896.0,27.0,,,,,4892.5,833.0
0,94200,BANANAS,4889.0,11.0,4888.0,22.0,,,4895.0,23.0,,,,,4892.0,1137.0
0,94300,BANANAS,4888.0,26.0,,,,,4893.0,9.0,4895.0,26.0,,,4890.5,1135.75
0,94400,BANANAS,4889.0,6.0,4888.0,27.0,,,4895.0,29.0,,,,,4892.0,1146.0
0,94500,BANANAS,4893.0,5.0,4888.0,20.0,,,4895.0,20.0,,,,,4894.0,1305.5
0,94600,BANANAS,4887.0,25.0,,,,,4894.0,25.0,,,,,4890.5,1918.75
0,94700,BANANAS,4887.0,20.0,,,,,4894.0,20.0,,,,,4890.5,2073.0
0,94800,BANANAS,4887.0,24.0,,,,,4894.0,24.0,,,,,4890.5,2124.5
0,94900,BANANAS,4887.0,30.0,,,,,4894.0,30.0,,,,,4890.5,1999.25
0,95000,BANANAS,4892.0,1.0,4888.0,28.0,,,4895.0,28.0,,,,,4893.5,1401.75
0,95100,BANANAS,4888.0,21.0,,,,,4889.0,1.0,4894.0,21.0,,,4888.5,1663.75
0,95200,BANANAS,4888.0,31.0,,,,,4894.0,22.0,,,,,4891.0,1734.75
0,95300,BANANAS,4888.0,23.0,,,,,4894.0,1.0,4895.0,22.0,,,4891.0,1521.25
0,95400,BANANAS,4888.0,31.0,,,,,4895.0,31.0,,,,,4891.5,1327.75
0,95500,BANANAS,4890.0,2.0,4889.0,28.0,,,4895.0,1.0,4896.0,27.0,,,4892.5,1022.25
0,95600,BANANAS,4890.0,23.0,,,,,4891.0,8.0,4897.0,23.0,,,4890.5,258.0
0,95700,BANANAS,4891.0,2.0,4890.0,24.0,,,4897.0,26.0,,,,,4894.0,-84.25
0,95800,BANANAS,4891.0,2.0,4890.0,26.0,,,4897.0,28.0,,,,,4894.0,-132.75
0,95900,BANANAS,4890.0,25.0,,,,,4897.0,25.0,,,,,4893.5,32.25
0,96000,BANANAS,4891.0,2.0,4890.0,28.0,,,4897.0,30.0,,,,,4894.0,-58.5
0,96100,BANANAS,4891.0,22.0,,,,,4892.0,4.0,4896.0,4.0,4897.0,2.0,4891.5,-381.5
0,96200,BANANAS,4891.0,22.0,,,,,4898.0,22.0,,,,,4894.5,-436.5
0,96300,BANANAS,4896.0,1.0,4891.0,22.0,,,4898.0,22.0,,,,,4897.0,-482.75
0,96400,BANANAS,4891.0,32.0,,,,,4898.0,32.0,,,,,4894.5,-436.0
0,96500,BANANAS,4892.0,5.0,4891.0,30.0,,,4893.0,4.0,4898.0,30.0,,,4892.5,-575.25
0,96600,BANANAS,4892.0,4.0,4891.0,20.0,,,4898.0,20.0,,,,,4895.0,-399.75
0,96700,BANANAS,4891.0,24.0,,,,,4898.0,24.0,,,,,4894.5,-446.25
0,96800,BANANAS,4891.0,26.0,,,,,4898.0,26.0,,,,,4894.5,-625.75
0,96900,BANANAS,4897.0,1.0,4892.0,28.0,,,4898.0,28.0,,,,,4897.5,-854.75
0,97000,BANANAS,4892.0,27.0,,,,,4898.0,22.0,,,,,4895.0,-828.25
0,97100,BANANAS,4892.0,32.0,,,,,4898.0,2.0,4899.0,30.0,,,4895.0,-993.5
0,97200,BANANAS,4892.0,22.0,,,,,4897.0,8.0,4898.0,2.0,4899.0,20.0,4894.5,-994.25
0,97300,BANANAS,4893.0,1.0,4892.0,28.0,,,4899.0,28.0,,,,,4896.0,-1197.75
0,97400,BANANAS,4892.0,23.0,,,,,4899.0,23.0,,,,,4895.5,-1180.25
0,97500,BANANAS,4892.0,24.0,,,,,4899.0,24.0,,,,,4895.5,-1138.5
0,97600,BANANAS,4892.0,26.0,,,,,4899.0,26.0,,,,,4895.5,-1380.5
0,97700,BANANAS,4892.0,27.0,,,,,4899.0,27.0,,,,,4895.5,-1182.0
0,97800,BANANAS,4892.0,24.0,,,,,4899.0,24.0,,,,,4895.5,-1337.5
0,97900,BANANAS,4893.0,31.0,,,,,4899.0,28.0,,,,,4896.0,-1526.25
0,98000,BANANAS,4892.0,22.0,,,,,4899.0,22.0,,,,,4895.5,-1281.25
0,98100,BANANAS,4893.0,2.0,4892.0,30.0,,,4898.0,2.0,4899.0,28.0,,,4895.5,-1104.0
0,98200,BANANAS,4892.0,1.0,4891.0,20.0,,,4898.0,21.0,,,,,4895.0,-746.5
0,98300,BANANAS,4891.0,28.0,,,,,4898.0,28.0,,,,,4894.5,-689.0
0,98400,BANANAS,4892.0,6.0,4891.0,23.0,,,4898.0,23.0,,,,,4895.0,-643.5
0,98500,BANANAS,4891.0,27.0,,,,,4892.0,2.0,4897.0,27.0,,,4891.5,-236.25
0,98600,BANANAS,4891.0,31.0,,,,,4897.0,31.0,,,,,4894.0,-211.5
0,98700,BANANAS,4890.0,27.0,,,,,4897.0,27.0,,,,,4893.5,90.75
0,98800,BANANAS,4893.0,4.0,4890.0,21.0,,,4896.0,1.0,4897.0,20.0,,,4894.5,345.75
0,98900,BANANAS,4890.0,25.0,,,,,4897.0,25.0,,,,,4893.5,-31.0
0,99000,BANANAS,4890.0,24.0,,,,,4897.0,24.0,,,,,4893.5,-6.75
0,99100,BANANAS,4891.0,7.0,4890.0,26.0,,,4897.0,28.0,,,,,4894.0,-91.0
0,99200,BANANAS,4891.0,1.0,4890.0,23.0,,,4897.0,24.0,,,,,4894.0,-113.25
0,99300,BANANAS,4890.0,27.0,,,,,4894.0,8.0,4896.0,27.0,,,4892.0,412.0
0,99400,BANANAS,4895.0,1.0,4889.0,27.0,,,4896.0,27.0,,,,,4895.5,633.25
0,99500,BANANAS,4890.0,1.0,4889.0,22.0,,,4896.0,23.0,,,,,4893.0,569.75
0,99600,BANANAS,4890.0,6.0,4889.0,28.0,,,4896.0,28.0,,,,,4893.0,484.0
0,99700,BANANAS,4890.0,2.0,4889.0,28.0,,,4896.0,29.0,,,,,4893.0,547.5
0,99800,BANANAS,4891.0,3.0,4890.0,26.0,,,4896.0,1.0,4897.0,25.0,,,4893.5,276.0
0,99900,BANANAS,4890.0,26.0,,,,,4896.0,26.0,,,,,4893.0,375.25
0,100000,BANANAS,4893.0,5.0,4892.0,3.0,4891.0,22.0,4897.0,22.0,,,,,4895.0,-286.0
0,100100,BANANAS,4891.0,26.0,,,,,4892.0,1.0,4898.0,26.0,,,4891.5,-714.25
0,100200,BANANAS,4891.0,30.0,,,,,4898.0,30.0,,,,,4894.5,-620.75
0,100300,BANANAS,4892.0,28.0,,,,,4898.0,2.0,4899.0,26.0,,,4895.0,-1193.25
0,100400,BANANAS,4893.0,1.0,4892.0,24.0,,,4899.0,25.0,,,,,4896.0,-1477.0
0,100500,BANANAS,4892.0,27.0,,,,,4899.0,27.0,,,,,4895.5,-1225.75
0,100600,BANANAS,4897.0,1.0,4892.0,23.0,,,4898.0,2.0,4899.0,21.0,,,4897.5,-1140.25
0,100700,BANANAS,4892.0,30.0,,,,,4899.0,30.0,,,,,4895.5,-1269.25
0,100800,BANANAS,4893.0,1.0,4892.0,22.0,,,4895.0,2.0,4897.0,2.0,4899.0,23.0,4894.0,-1491.25
0,100900,BANANAS,4893.0,24.0,,,,,4898.0,1.0,4900.0,24.0,,,4895.5,-1816.0
0,101000,BANANAS,4894.0,6.0,4893.0,22.0,,,4900.0,22.0,,,,,4897.0,-2153.75
0,101100,BANANAS,4899.0,1.0,4893.0,27.0,,,4900.0,27.0,,,,,4899.5,-2332.5
0,101200,BANANAS,4894.0,28.0,,,,,4900.0,28.0,,,,,4897.0,-2447.75
0,101300,BANANAS,4894.0,20.0,,,,,4901.0,20.0,,,,,4897.5,-2729.0
0,101400,BANANAS,4894.0,21.0,,,,,4901.0,21.0,,,,,4897.5,-2791.75
0,101500,BANANAS,4896.0,10.0,4895.0,21.0,,,4901.0,1.0,4902.0,20.0,,,4898.5,-3185.75
0,101600,BANANAS,4895.0,24.0,,,,,4900.0,4.0,4902.0,24.0,,,4897.5,-3436.0
0,101700,BANANAS,4895.0,26.0,,,,,4896.0,1.0,4901.0,1.0,4902.0,26.0,4895.5,-3251.25
0,101800,BANANAS,4895.0,31.0,,,,,4900.0,1.0,4901.0,2.0,4902.0,29.0,4897.5,-3206.5
0,101900,BANANAS,4895.0,25.0,,,,,4902.0,25.0,,,,,4898.5,-3447.0
0,102000,BANANAS,4895.0,28.0,,,,,4902.0,28.0,,,,,4898.5,-3356.0
0,102100,BANANAS,4895.0,29.0,,,,,4900.0,10.0,4901.0,2.0,4902.0,27.0,4897.5,-3281.5
0,102200,BANANAS,4895.0,26.0,,,,,4901.0,26.0,,,,,4898.0,-3112.25
0,102300,BANANAS,4896.0,5.0,4895.0,28.0,,,4901.0,28.0,,,,,4898.5,-3146.0
0,102400,BANANAS,4895.0,28.0,,,,,4901.0,28.0,,,,,4898.0,-3142.0
0,102500,BANANAS,4895.0,27.0,,,,,4902.0,27.0,,,,,4898.5,-3445.25
0,102600,BANANAS,4896.0,2.0,4895.0,28.0,,,4902.0,28.0,,,,,4899.0,-3737.0
0,102700,BANANAS,4896.0,1.0,4895.0,21.0,,,4902.0,21.0,,,,,4899.0,-3696.25
0,102800,BANANAS,4895.0,27.0,,,,,4898.0,3.0,4902.0,27.0,,,4896.5,-3581.75
0,102900,BANANAS,4895.0,25.0,,,,,4900.0,4.0,4902.0,25.0,,,4897.5,-3572.5
0,103000,BANANAS,4898.0,2.0,4895.0,27.0,,,4902.0,27.0,,,,,4900.0,-3454.5
0,103100,BANANAS,4895.0,22.0,,,,,4901.0,1.0,4902.0,21.0,,,4898.0,-3222.75
0,103200,BANANAS,4894.0,30.0,,,,,4901.0,30.0,,,,,4897.5,-2562.75
0,103300,BANANAS,4895.0,1.0,4894.0,21.0,,,4901.0,22.0,,,,,4898.0,-2952.5
0,103400,BANANAS,4894.0,27.0,,,,,4901.0,27.0,,,,,4897.5,-2668.25
0,103500,BANANAS,4894.0,27.0,,,,,4900.0,27.0,,,,,4897.0,-2382.0
0,103600,BANANAS,4893.0,27.0,,,,,4898.0,7.0,4900.0,27.0,,,4895.5,-2035.0
0,103700,BANANAS,4894.0,30.0,,,,,4899.0,8.0,4901.0,30.0,,,4896.5,-2587.5
0,103800,BANANAS,4894.0,32.0,,,,,4901.0,32.0,,,,,4897.5,-2752.5
0,103900,BANANAS,4895.0,5.0,4894.0,27.0,,,4901.0,28.0,,,,,4898.0,-2925.5
0,104000,BANANAS,4895.0,22.0,,,,,4901.0,1.0,4902.0,21.0,,,4898.0,-3208.75
0,104100,BANANAS,4895.0,31.0,,,,,4902.0,31.0,,,,,4898.5,-3378.75
0,104200,BANANAS,4896.0,2.0,4895.0,29.0,,,4902.0,31.0,,,,,4899.0,-3640.25
0,104300,BANANAS,4896.0,21.0,,,,,4902.0,1.0,4903.0,20.0,,,4899.0,-3949.75
0,104400,BANANAS,4896.0,24.0,,,,,4901.0,2.0,4903.0,24.0,,,4898.5,-4186.0
0,104500,BANANAS,4896.0,31.0,,,,,4897.0,5.0,4902.0,2.0,4903.0,29.0,4896.5,-3885.25
0,104600,BANANAS,4896.0,26.0,,,,,4902.0,1.0,4903.0,25.0,,,4899.0,-3955.5
0,104700,BANANAS,4896.0,30.0,,,,,4903.0,30.0,,,,,4899.5,-3958.75
0,104800,BANANAS,4897.0,6.0,4896.0,21.0,,,4903.0,21.0,,,,,4900.0,-4178.5
0,104900,BANANAS,4897.0,6.0,4896.0,23.0,,,4903.0,24.0,,,,,4900.0,-4514.25
0,105000,BANANAS,4897.0,21.0,,,,,4904.0,21.0,,,,,4900.5,-4903.5
0,105100,BANANAS,4897.0,22.0,,,,,4904.0,22.0,,,,,4900.5,-5164.0
0,105200,BANANAS,4898.0,2.0,4897.0,28.0,,,4904.0,30.0,,,,,4901.0,-5096.75
0,105300,BANANAS,4898.0,1.0,4897.0,30.0,,,4904.0,31.0,,,,,4901.0,-5177.0
0,105400,BANANAS,4900.0,6.0,4897.0,23.0,,,4904.0,23.0,,,,,4902.0,-5032.0
0,105500,BANANAS,4897.0,29.0,,,,,4898.0,1.0,4900.0,5.0,4904.0,29.0,4897.5,-5003.0
0,105600,BANANAS,4897.0,28.0,,,,,4904.0,28.0,,,,,4900.5,-4927.0
0,105700,BANANAS,4897.0,29.0,,,,,4902.0,2.0,4903.0,29.0,,,4899.5,-4602.75
0,105800,BANANAS,4897.0,32.0,,,,,4903.0,32.0,,,,,4900.0,-4547.5
0,105900,BANANAS,4896.0,23.0,,,,,4903.0,23.0,,,,,4899.5,-4422.5
0,106000,BANANAS,4902.0,1.0,4898.0,5.0,4897.0,28.0,4904.0,28.0,,,,,4903.0,-4809.25
0,106100,BANANAS,4897.0,25.0,,,,,4902.0,8.0,4903.0,1.0,4904.0,24.0,4899.5,-4701.0
0,106200,BANANAS,4897.0,29.0,,,,,4904.0,29.0,,,,,4900.5,-4806.75
0,106300,BANANAS,4897.0,25.0,,,,,4898.0,1.0,4900.0,5.0,4904.0,25.0,4897.5,-5030.75
0,106400,BANANAS,4898.0,26.0,,,,,4904.0,27.0,,,,,4901.0,-5241.75
0,106500,BANANAS,4898.0,8.0,4897.0,25.0,,,4904.0,25.0,,,,,4901.0,-5058.25
0,106600,BANANAS,4897.0,30.0,,,,,4902.0,2.0,4904.0,30.0,,,4899.5,-5046.75
0,106700,BANANAS,4898.0,31.0,,,,,4905.0,31.0,,,,,4901.5,-5525.25
0,106800,BANANAS,4899.0,6.0,4898.0,27.0,,,4904.0,2.0,4905.0,25.0,,,4901.5,-5321.75
0,106900,BANANAS,4899.0,7.0,4898.0,23.0,,,4905.0,23.0,,,,,4902.0,-5606.5
0,107000,BANANAS,4899.0,1.0,4898.0,30.0,,,4904.0,1.0,4905.0,29.0,,,4901.5,-5328.5
0,107100,BANANAS,4899.0,1.0,4898.0,27.0,,,4905.0,27.0,,,,,4902.0,-5739.5
0,107200,BANANAS,4899.0,2.0,4898.0,21.0,,,4905.0,23.0,,,,,4902.0,-5852.75
0,107300,BANANAS,4903.0,5.0,4899.0,23.0,,,4904.0,1.0,4905.0,1.0,4906.0,22.0,4903.5,-6151.5
0,107400,BANANAS,4899.0,29.0,,,,,4906.0,29.0,,,,,4902.5,-6258.75
0,107500,BANANAS,4899.0,27.0,,,,,4905.0,2.0,4906.0,25.0,,,4902.0,-6043.75
0,107600,BANANAS,4898.0,25.0,,,,,4899.0,1.0,4903.0,3.0,4905.0,25.0,4898.5,-5728.75
0,107700,BANANAS,4898.0,21.0,,,,,4905.0,21.0,,,,,4901.5,-5854.25
0,107800,BANANAS,4898.0,31.0,,,,,4905.0,31.0,,,,,4901.5,-5636.5
0,107900,BANANAS,4898.0,25.0,,,,,4905.0,25.0,,,,,4901.5,-5814.0
0,108000,BANANAS,4899.0,10.0,4898.0,21.0,,,4905.0,23.0,,,,,4902.0,-5803.25
0,108100,BANANAS,4898.0,30.0,,,,,4905.0,30.0,,,,,4901.5,-5751.75
0,108200,BANANAS,4899.0,25.0,,,,,4906.0,25.0,,,,,4902.5,-6153.25
0,108300,BANANAS,4900.0,6.0,4899.0,27.0,,,4906.0,27.0,,,,,4903.0,-6092.0
0,108400,BANANAS,4900.0,9.0,4899.0,20.0,,,4906.0,20.0,,,,,4903.0,-6208.25
0,108500,BANANAS,4899.0,30.0,,,,,4906.0,30.0,,,,,4902.5,-6086.0
0,108600,BANANAS,4899.0,31.0,,,,,4900.0,1.0,4905.0,1.0,4906.0,30.0,4899.5,-6181.25
0,108700,BANANAS,4899.0,27.0,,,,,4905.0,2.0,4906.0,25.0,,,4902.0,-6107.0
0,108800,BANANAS,4904.0,1.0,4899.0,26.0,,,4905.0,2.0,4906.0,24.0,,,4904.5,-6104.0
0,108900,BANANAS,4900.0,23.0,,,,,4904.0,1.0,4906.0,23.0,,,4902.0,-6745.25
0,109000,BANANAS,4900.0,3.0,4899.0,23.0,,,4906.0,24.0,,,,,4903.0,-6608.0
0,109100,BANANAS,4899.0,22.0,,,,,4904.0,10.0,4906.0,22.0,,,4901.5,-6286.0
0,109200,BANANAS,4903.0,3.0,4899.0,25.0,,,4906.0,25.0,,,,,4904.5,-6176.25
0,109300,BANANAS,4899.0,6.0,4898.0,25.0,,,4905.0,25.0,,,,,4902.0,-5683.75
0,109400,BANANAS,4898.0,24.0,,,,,4901.0,4.0,4903.0,9.0,4905.0,25.0,4899.5,-5569.5
0,109500,BANANAS,4903.0,10.0,4899.0,5.0,4898.0,30.0,4905.0,30.0,,,,,4904.0,-5353.25
0,109600,BANANAS,4899.0,4.0,4898.0,21.0,,,4905.0,21.0,,,,,4902.0,-5412.75
0,109700,BANANAS,4898.0,28.0,,,,,4905.0,28.0,,,,,4901.5,-5578.75
0,109800,BANANAS,4899.0,2.0,4898.0,25.0,,,4905.0,27.0,,,,,4902.0,-5874.5
0,109900,BANANAS,4899.0,29.0,,,,,4906.0,29.0,,,,,4902.5,-6260.25
0,110000,BANANAS,4899.0,25.0,,,,,4906.0,25.0,,,,,4902.5,-6234.25
0,110100,BANANAS,4904.0,1.0,4899.0,25.0,,,4905.0,1.0,4906.0,24.0,,,4904.5,-6198.75
0,110200,BANANAS,4899.0,27.0,,,,,4906.0,28.0,,,,,4902.5,-6062.75
0,110300,BANANAS,4899.0,27.0,,,,,4904.0,5.0,4906.0,27.0,,,4901.5,-6313.75
0,110400,BANANAS,4900.0,26.0,,,,,4907.0,26.0,,,,,4903.5,-6891.5
0,110500,BANANAS,4900.0,21.0,,,,,4907.0,21.0,,,,,4903.5,-6933.25
0,110600,BANANAS,4900.0,27.0,,,,,4906.0,27.0,,,,,4903.0,-6777.0
0,110700,BANANAS,4900.0,25.0,,,,,4906.0,2.0,4907.0,23.0,,,4903.0,-6882.75
0,110800,BANANAS,4903.0,4.0,4900.0,24.0,,,4906.0,2.0,4907.0,22.0,,,4904.5,-7005.25
0,110900,BANANAS,4900.0,26.0,,,,,4904.0,2.0,4906.0,26.0,,,4902.0,-6802.75
0,111000,BANANAS,4900.0,26.0,,,,,4907.0,26.0,,,,,4903.5,-7035.0
0,111100,BANANAS,4900.0,20.0,,,,,4902.0,5.0,4907.0,21.0,,,4901.0,-7504.75
0,111200,BANANAS,4905.0,1.0,4901.0,6.0,4900.0,21.0,4907.0,21.0,,,,,4906.0,-7078.0
0,111300,BANANAS,4900.0,29.0,,,,,4905.0,4.0,4906.0,1.0,4907.0,29.0,4902.5,-6964.75
0,111400,BANANAS,4900.0,21.0,,,,,4907.0,21.0,,,,,4903.5,-6883.0
0,111500,BANANAS,4901.0,1.0,4900.0,23.0,,,4907.0,24.0,,,,,4904.0,-7346.5
0,111600,BANANAS,4900.0,25.0,,,,,4905.0,1.0,4907.0,25.0,,,4902.5,-7158.25
0,111700,BANANAS,4901.0,20.0,,,,,4908.0,20.0,,,,,4904.5,-7618.0
0,111800,BANANAS,4901.0,25.0,,,,,4907.0,25.0,,,,,4904.0,-7544.75
0,111900,BANANAS,4901.0,24.0,,,,,4907.0,24.0,,,,,4904.0,-7549.25
0,112000,BANANAS,4901.0,1.0,4900.0,23.0,,,4907.0,24.0,,,,,4904.0,-7410.5
0,112100,BANANAS,4900.0,25.0,,,,,4907.0,25.0,,,,,4903.5,-7221.5
0,112200,BANANAS,4900.0,20.0,,,,,4906.0,20.0,,,,,4903.0,-6743.0
0,112300,BANANAS,4900.0,26.0,,,,,4906.0,2.0,4907.0,25.0,,,4903.0,-6893.75
0,112400,BANANAS,4900.0,28.0,,,,,4907.0,28.0,,,,,4903.5,-6852.25
0,112500,BANANAS,4900.0,6.0,4899.0,25.0,,,4905.0,1.0,4906.0,24.0,,,4902.5,-6201.0
0,112600,BANANAS,4899.0,29.0,,,,,4906.0,29.0,,,,,4902.5,-6166.25
0,112700,BANANAS,4899.0,22.0,,,,,4902.0,1.0,4906.0,22.0,,,4900.5,-6414.25
0,112800,BANANAS,4900.0,27.0,,,,,4905.0,5.0,4907.0,27.0,,,4902.5,-6979.0
0,112900,BANANAS,4900.0,2.0,4899.0,23.0,,,4906.0,25.0,,,,,4903.0,-6604.25
0,113000,BANANAS,4900.0,1.0,4899.0,29.0,,,4906.0,30.0,,,,,4903.0,-6625.25
0,113100,BANANAS,4900.0,22.0,,,,,4905.0,9.0,4907.0,22.0,,,4902.5,-7050.0
0,113200,BANANAS,4900.0,25.0,,,,,4906.0,1.0,4907.0,24.0,,,4903.0,-6836.0
0,113300,BANANAS,4900.0,22.0,,,,,4905.0,2.0,4906.0,2.0,4907.0,20.0,4902.5,-7018.75
0,113400,BANANAS,4900.0,29.0,,,,,4906.0,29.0,,,,,4903.0,-6797.0
0,113500,BANANAS,4905.0,1.0,4900.0,4.0,4899.0,28.0,4906.0,29.0,,,,,4905.5,-6570.75
0,113600,BANANAS,4899.0,24.0,,,,,4904.0,3.0,4906.0,24.0,,,4901.5,-6373.5
0,113700,BANANAS,4899.0,27.0,,,,,4903.0,8.0,4905.0,27.0,,,4901.0,-6020.75
0,113800,BANANAS,4899.0,25.0,,,,,4906.0,25.0,,,,,4902.5,-6350.0
0,113900,BANANAS,4899.0,21.0,,,,,4904.0,1.0,4906.0,21.0,,,4901.5,-6430.5
0,114000,BANANAS,4900.0,2.0,4899.0,25.0,,,4906.0,27.0,,,,,4903.0,-6568.0
0,114100,BANANAS,4904.0,1.0,4899.0,30.0,,,4906.0,30.0,,,,,4905.0,-6273.25
0,114200,BANANAS,4898.0,31.0,,,,,4905.0,31.0,,,,,4901.5,-5686.25
0,114300,BANANAS,4902.0,8.0,4898.0,1.0,4897.0,20.0,4904.0,21.0,,,,,4903.0,-5010.0
0,114400,BANANAS,4898.0,2.0,4897.0,25.0,,,4904.0,27.0,,,,,4901.0,-5096.5
0,114500,BANANAS,4898.0,26.0,,,,,4904.0,27.0,,,,,4901.0,-5178.0
0,114600,BANANAS,4898.0,1.0,4897.0,27.0,,,4904.0,28.0,,,,,4901.0,-5015.5
0,114700,BANANAS,4902.0,4.0,4898.0,2.0,4897.0,28.0,4904.0,30.0,,,,,4903.0,-5102.5
0,114800,BANANAS,4898.0,21.0,,,,,4905.0,21.0,,,,,4901.5,-5463.75
0,114900,BANANAS,4899.0,2.0,4898.0,25.0,,,4903.0,3.0,4905.0,27.0,,,4901.0,-5777.0
0,115000,BANANAS,4902.0,5.0,4898.0,30.0,,,4903.0,4.0,4904.0,2.0,4905.0,28.0,4902.5,-5330.0
0,115100,BANANAS,4898.0,1.0,4897.0,25.0,,,4904.0,27.0,,,,,4901.0,-5003.5
0,115200,BANANAS,4898.0,7.0,4897.0,26.0,,,4904.0,28.0,,,,,4901.0,-4987.25
0,115300,BANANAS,4898.0,30.0,,,,,4904.0,30.0,,,,,4901.0,-5225.75
0,115400,BANANAS,4898.0,10.0,4897.0,28.0,,,4904.0,29.0,,,,,4901.0,-5063.0
0,115500,BANANAS,4898.0,2.0,4897.0,23.0,,,4904.0,25.0,,,,,4901.0,-5137.75
0,115600,BANANAS,4898.0,31.0,,,,,4905.0,31.0,,,,,4901.5,-5455.0
0,115700,BANANAS,4899.0,5.0,4898.0,31.0,,,4904.0,31.0,,,,,4901.5,-5194.25
0,115800,BANANAS,4896.0,30.0,,,,,4903.0,30.0,,,,,4899.5,-4319.5
0,115900,BANANAS,4899.0,6.0,4897.0,9.0,4896.0,28.0,4903.0,28.0,,,,,4901.0,-4282.5
0,116000,BANANAS,4897.0,1.0,4896.0,29.0,,,4901.0,4.0,4903.0,30.0,,,4899.0,-4227.5
0,116100,BANANAS,4900.0,2.0,4897.0,28.0,,,4904.0,28.0,,,,,4902.0,-4519.25
0,116200,BANANAS,4898.0,1.0,4897.0,26.0,,,4904.0,26.0,,,,,4901.0,-4429.25
0,116300,BANANAS,4897.0,2.0,4896.0,24.0,,,4901.0,10.0,4903.0,26.0,,,4899.0,-4137.5
0,116400,BANANAS,4897.0,2.0,4896.0,29.0,,,4901.0,2.0,4903.0,31.0,,,4899.0,-4178.0
0,116500,BANANAS,4902.0,1.0,4897.0,29.0,,,4903.0,29.0,,,,,4902.5,-4372.5
0,116600,BANANAS,4897.0,29.0,,,,,4903.0,2.0,4904.0,28.0,,,4900.0,-4561.25
0,116700,BANANAS,4897.0,1.0,4896.0,22.0,,,4903.0,23.0,,,,,4900.0,-4241.75
0,116800,BANANAS,4897.0,30.0,,,,,4898.0,2.0,4904.0,30.0,,,4897.5,-4703.5
0,116900,BANANAS,4897.0,29.0,,,,,4903.0,29.0,,,,,4900.0,-4397.0
0,117000,BANANAS,4897.0,21.0,,,,,4903.0,21.0,,,,,4900.0,-4390.5
0,117100,BANANAS,4897.0,26.0,,,,,4898.0,7.0,4902.0,4.0,4904.0,26.0,4897.5,-4888.75
0,117200,BANANAS,4898.0,23.0,,,,,4904.0,1.0,4905.0,22.0,,,4901.0,-5281.0
0,117300,BANANAS,4903.0,1.0,4897.0,29.0,,,4904.0,29.0,,,,,4903.5,-4932.5
0,117400,BANANAS,4897.0,32.0,,,,,4904.0,32.0,,,,,4900.5,-4888.0
0,117500,BANANAS,4898.0,23.0,,,,,4903.0,10.0,4905.0,23.0,,,4900.5,-5607.5
0,117600,BANANAS,4899.0,5.0,4898.0,22.0,,,4905.0,23.0,,,,,4902.0,-5838.5
0,117700,BANANAS,4898.0,24.0,,,,,4904.0,1.0,4905.0,23.0,,,4901.0,-5418.75
0,117800,BANANAS,4898.0,26.0,,,,,4903.0,5.0,4905.0,26.0,,,4900.5,-5827.5
0,117900,BANANAS,4898.0,31.0,,,,,4904.0,1.0,4905.0,30.0,,,4901.0,-5514.5
0,118000,BANANAS,4904.0,1.0,4898.0,30.0,,,4905.0,30.0,,,,,4904.5,-5769.0
0,118100,BANANAS,4899.0,4.0,4898.0,20.0,,,4905.0,20.0,,,,,4902.0,-5440.75
0,118200,BANANAS,4898.0,26.0,,,,,4903.0,7.0,4905.0,26.0,,,4900.5,-5549.0
0,118300,BANANAS,4898.0,23.0,,,,,4903.0,3.0,4905.0,23.0,,,4900.5,-5651.5
0,118400,BANANAS,4898.0,28.0,,,,,4905.0,28.0,,,,,4901.5,-5840.0
0,118500,BANANAS,4899.0,38.0,,,,,4905.0,28.0,,,,,4902.0,-6065.5
0,118600,BANANAS,4898.0,28.0,,,,,4899.0,4.0,4905.0,30.0,,,4898.5,-5998.5
0,118700,BANANAS,4898.0,29.0,,,,,4905.0,29.0,,,,,4901.5,-5613.5
0,118800,BANANAS,4898.0,24.0,,,,,4905.0,24.0,,,,,4901.5,-5848.5
0,118900,BANANAS,4899.0,28.0,,,,,4905.0,28.0,,,,,4902.0,-6100.0
0,119000,BANANAS,4899.0,27.0,,,,,4905.0,27.0,,,,,4902.0,-6184.0
0,119100,BANANAS,4899.0,25.0,,,,,4905.0,25.0,,,,,4902.0,-6162.0
0,119200,BANANAS,4900.0,1.0,4899.0,28.0,,,4906.0,29.0,,,,,4903.0,-6772.0
0,119300,BANANAS,4900.0,23.0,,,,,4907.0,23.0,,,,,4903.5,-7323.5
0,119400,BANANAS,4900.0,27.0,,,,,4907.0,27.0,,,,,4903.5,-7551.0
0,119500,BANANAS,4900.0,27.0,,,,,4907.0,27.0,,,,,4903.5,-7608.0
0,119600,BANANAS,4900.0,25.0,,,,,4907.0,25.0,,,,,4903.5,-7416.5
0,119700,BANANAS,4901.0,25.0,,,,,4907.0,2.0,4908.0,23.0,,,4904.0,-8126.0
0,119800,BANANAS,4901.0,26.0,,,,,4902.0,1.0,4908.0,26.0,,,4901.5,-8652.0
0,119900,BANANAS,4902.0,25.0,,,,,4906.0,8.0,4908.0,25.0,,,4904.0,-8792.5
0,120000,BANANAS,4901.0,1.0,4900.0,27.0,,,4907.0,28.0,,,,,4904.0,-7781.0
0,120100,BANANAS,4901.0,2.0,4900.0,20.0,,,4907.0,22.0,,,,,4904.0,-7680.0
0,120200,BANANAS,4900.0,23.0,,,,,4901.0,1.0,4907.0,23.0,,,4900.5,-7577.0
0,120300,BANANAS,4900.0,28.0,,,,,4904.0,1.0,4906.0,28.0,,,4902.0,-6952.0
0,120400,BANANAS,4901.0,5.0,4900.0,28.0,,,4907.0,28.0,,,,,4904.0,-7163.5
0,120500,BANANAS,4900.0,29.0,,,,,4907.0,29.0,,,,,4903.5,-7108.0
0,120600,BANANAS,4901.0,10.0,4900.0,27.0,,,4906.0,2.0,4907.0,25.0,,,4903.5,-7074.0
0,120700,BANANAS,4901.0,21.0,,,,,4907.0,21.0,,,,,4904.0,-7827.5
0,120800,BANANAS,4901.0,2.0,4900.0,26.0,,,4907.0,28.0,,,,,4904.0,-7700.5
0,120900,BANANAS,4901.0,1.0,4900.0,23.0,,,4905.0,2.0,4907.0,24.0,,,4903.0,-7731.5
0,121000,BANANAS,4901.0,26.0,,,,,4907.0,26.0,,,,,4904.0,-7882.5
0,121100,BANANAS,4901.0,21.0,,,,,4908.0,21.0,,,,,4904.5,-8300.0
0,121200,BANANAS,4901.0,27.0,,,,,4908.0,27.0,,,,,4904.5,-8303.0
0,121300,BANANAS,4901.0,27.0,,,,,4902.0,1.0,4908.0,27.0,,,4901.5,-8438.0
0,121400,BANANAS,4902.0,20.0,,,,,4909.0,20.0,,,,,4905.5,-9143.0
0,121500,BANANAS,4902.0,27.0,,,,,4909.0,27.0,,,,,4905.5,-9000.0
0,121600,BANANAS,4905.0,3.0,4902.0,31.0,,,4907.0,2.0,4908.0,2.0,4909.0,29.0,4906.0,-8993.0
0,121700,BANANAS,4907.0,1.0,4902.0,26.0,,,4909.0,26.0,,,,,4908.0,-9045.0
0,121800,BANANAS,4901.0,27.0,,,,,4906.0,6.0,4908.0,27.0,,,4903.5,-8590.5
0,121900,BANANAS,4902.0,22.0,,,,,4909.0,22.0,,,,,4905.5,-9024.0
0,122000,BANANAS,4902.0,31.0,,,,,4907.0,1.0,4909.0,31.0,,,4904.5,-9092.5
0,122100,BANANAS,4902.0,32.0,,,,,4908.0,23.0,,,,,4905.0,-8697.0
0,122200,BANANAS,4902.0,2.0,4901.0,26.0,,,4904.0,1.0,4908.0,28.0,,,4903.0,-8566.0
0,122300,BANANAS,4901.0,24.0,,,,,4908.0,24.0,,,,,4904.5,-8368.0
0,122400,BANANAS,4901.0,22.0,,,,,4908.0,22.0,,,,,4904.5,-8614.5
0,122500,BANANAS,4904.0,4.0,4902.0,23.0,,,4906.0,6.0,4908.0,23.0,,,4905.0,-8707.0
0,122600,BANANAS,4907.0,1.0,4903.0,4.0,4902.0,24.0,4908.0,1.0,4909.0,23.0,,,4907.5,-8917.5
0,122700,BANANAS,4902.0,21.0,,,,,4909.0,21.0,,,,,4905.5,-9571.5
0,122800,BANANAS,4903.0,31.0,,,,,4909.0,32.0,,,,,4906.0,-9602.0
0,122900,BANANAS,4902.0,23.0,,,,,4907.0,4.0,4909.0,23.0,,,4904.5,-9529.5
0,123000,BANANAS,4902.0,27.0,,,,,4909.0,27.0,,,,,4905.5,-9351.5
0,123100,BANANAS,4902.0,21.0,,,,,4909.0,21.0,,,,,4905.5,-9257.5
0,123200,BANANAS,4902.0,25.0,,,,,4908.0,2.0,4909.0,24.0,,,4905.0,-8911.5
0,123300,BANANAS,4902.0,21.0,,,,,4909.0,21.0,,,,,4905.5,-9198.5
0,123400,BANANAS,4903.0,24.0,,,,,4909.0,1.0,4910.0,23.0,,,4906.0,-9759.5
0,123500,BANANAS,4904.0,6.0,4903.0,23.0,,,4909.0,2.0,4910.0,21.0,,,4906.5,-9863.0
0,123600,BANANAS,4903.0,30.0,,,,,4910.0,30.0,,,,,4906.5,-9880.0
0,123700,BANANAS,4904.0,28.0,,,,,4910.0,1.0,4911.0,27.0,,,4907.0,-10691.5
0,123800,BANANAS,4904.0,31.0,,,,,4910.0,31.0,,,,,4907.0,-10577.0
0,123900,BANANAS,4909.0,7.0,4905.0,1.0,4904.0,27.0,4911.0,27.0,,,,,4910.0,-10695.5
0,124000,BANANAS,4904.0,25.0,,,,,4911.0,25.0,,,,,4907.5,-10926.0
0,124100,BANANAS,4903.0,28.0,,,,,4910.0,28.0,,,,,4906.5,-10359.0
0,124200,BANANAS,4903.0,32.0,,,,,4910.0,32.0,,,,,4906.5,-10138.0
0,124300,BANANAS,4909.0,1.0,4904.0,9.0,4903.0,23.0,4910.0,23.0,,,,,4909.5,-10235.5
0,124400,BANANAS,4903.0,24.0,,,,,4910.0,24.0,,,,,4906.5,-9821.0
0,124500,BANANAS,4903.0,23.0,,,,,4909.0,2.0,4910.0,21.0,,,4906.0,-9700.5
0,124600,BANANAS,4903.0,30.0,,,,,4910.0,30.0,,,,,4906.5,-10307.5
0,124700,BANANAS,4904.0,2.0,4903.0,30.0,,,4910.0,32.0,,,,,4907.0,-10238.0
0,124800,BANANAS,4903.0,28.0,,,,,4910.0,28.0,,,,,4906.5,-10119.0
0,124900,BANANAS,4903.0,1.0,4902.0,22.0,,,4909.0,23.0,,,,,4906.0,-9473.5
0,125000,BANANAS,4903.0,27.0,,,,,4910.0,27.0,,,,,4906.5,-9787.5
0,125100,BANANAS,4908.0,1.0,4903.0,26.0,,,4909.0,1.0,4910.0,25.0,,,4908.5,-9637.5
0,125200,BANANAS,4908.0,1.0,4903.0,8.0,4902.0,22.0,4909.0,24.0,,,,,4908.5,-9463.0
0,125300,BANANAS,4903.0,6.0,4902.0,25.0,,,4909.0,25.0,,,,,4906.0,-9406.0
0,125400,BANANAS,4903.0,26.0,,,,,4909.0,2.0,4910.0,24.0,,,4906.0,-9697.5
0,125500,BANANAS,4903.0,26.0,,,,,4910.0,26.0,,,,,4906.5,-10347.0
0,125600,BANANAS,4908.0,10.0,4903.0,31.0,,,4909.0,1.0,4910.0,30.0,,,4908.5,-9657.0
0,125700,BANANAS,4904.0,2.0,4903.0,26.0,,,4909.0,2.0,4910.0,24.0,,,4906.5,-9797.5
0,125800,BANANAS,4904.0,25.0,,,,,4909.0,1.0,4910.0,1.0,4911.0,24.0,4906.5,-10591.5
0,125900,BANANAS,4908.0,1.0,4904.0,22.0,,,4911.0,22.0,,,,,4909.5,-10997.0
0,126000,BANANAS,4905.0,2.0,4904.0,20.0,,,4911.0,22.0,,,,,4908.0,-11179.0
0,126100,BANANAS,4905.0,31.0,,,,,4911.0,1.0,4912.0,30.0,,,4908.0,-11617.0
0,126200,BANANAS,4905.0,5.0,4904.0,27.0,,,4911.0,29.0,,,,,4908.0,-11248.5
0,126300,BANANAS,4905.0,1.0,4904.0,22.0,,,4911.0,23.0,,,,,4908.0,-11320.5
0,126400,BANANAS,4905.0,31.0,,,,,4911.0,1.0,4912.0,30.0,,,4908.0,-11517.5
0,126500,BANANAS,4905.0,29.0,,,,,4911.0,27.0,,,,,4908.0,-11401.0
0,126600,BANANAS,4905.0,11.0,4904.0,29.0,,,4911.0,31.0,,,,,4908.0,-11315.5
0,126700,BANANAS,4905.0,23.0,,,,,4912.0,23.0,,,,,4908.5,-11763.5
0,126800,BANANAS,4908.0,3.0,4905.0,25.0,,,4912.0,25.0,,,,,4910.0,-11868.0
0,126900,BANANAS,4905.0,21.0,,,,,4910.0,3.0,4912.0,21.0,,,4907.5,-11518.0
0,127000,BANANAS,4905.0,31.0,,,,,4911.0,28.0,,,,,4908.0,-11392.5
0,127100,BANANAS,4905.0,2.0,4904.0,26.0,,,4909.0,1.0,4911.0,28.0,,,4907.0,-11305.5
0,127200,BANANAS,4906.0,1.0,4905.0,20.0,,,4912.0,20.0,,,,,4909.0,-11643.5
0,127300,BANANAS,4905.0,27.0,,,,,4912.0,27.0,,,,,4908.5,-11913.0
0,127400,BANANAS,4905.0,1.0,4904.0,24.0,,,4911.0,25.0,,,,,4908.0,-11375.0
0,127500,BANANAS,4904.0,27.0,,,,,4909.0,4.0,4911.0,27.0,,,4906.5,-10838.0
0,127600,BANANAS,4908.0,4.0,4905.0,10.0,4904.0,26.0,4910.0,2.0,4911.0,24.0,,,4909.0,-10721.0
0,127700,BANANAS,4905.0,8.0,4904.0,25.0,,,4911.0,25.0,,,,,4908.0,-10790.5
0,127800,BANANAS,4904.0,28.0,,,,,4908.0,6.0,4910.0,28.0,,,4906.0,-10518.5
0,127900,BANANAS,4903.0,30.0,,,,,4910.0,30.0,,,,,4906.5,-10298.0
0,128000,BANANAS,4904.0,22.0,,,,,4905.0,7.0,4910.0,22.0,,,4904.5,-10488.0
0,128100,BANANAS,4904.0,5.0,4903.0,25.0,,,4910.0,25.0,,,,,4907.0,-9948.0
0,128200,BANANAS,4903.0,32.0,,,,,4910.0,32.0,,,,,4906.5,-9979.5
0,128300,BANANAS,4906.0,1.0,4903.0,26.0,,,4909.0,2.0,4910.0,24.0,,,4907.5,-9754.5
0,128400,BANANAS,4903.0,24.0,,,,,4910.0,24.0,,,,,4906.5,-9958.5
0,128500,BANANAS,4903.0,30.0,,,,,4909.0,30.0,,,,,4906.0,-9474.5
0,128600,BANANAS,4903.0,2.0,4902.0,26.0,,,4908.0,26.0,,,,,4905.5,-8508.0
0,128700,BANANAS,4902.0,23.0,,,,,4908.0,23.0,,,,,4905.0,-8516.5
0,128800,BANANAS,4903.0,9.0,4902.0,29.0,,,4909.0,29.0,,,,,4906.0,-8952.5
0,128900,BANANAS,4902.0,29.0,,,,,4909.0,29.0,,,,,4905.5,-9189.0
0,129000,BANANAS,4902.0,31.0,,,,,4908.0,2.0,4909.0,30.0,,,4905.0,-8764.0
0,129100,BANANAS,4901.0,21.0,,,,,4908.0,21.0,,,,,4904.5,-8447.5
0,129200,BANANAS,4902.0,24.0,,,,,4906.0,2.0,4908.0,25.0,,,4904.0,-8552.0
0,129300,BANANAS,4903.0,1.0,4902.0,20.0,,,4909.0,20.0,,,,,4906.0,-9438.0
0,129400,BANANAS,4903.0,20.0,,,,,4910.0,20.0,,,,,4906.5,-10005.0
0,129500,BANANAS,4903.0,29.0,,,,,4910.0,29.0,,,,,4906.5,-9890.5
0,129600,BANANAS,4904.0,7.0,4903.0,31.0,,,4909.0,31.0,,,,,4906.5,-9507.5
0,129700,BANANAS,4903.0,27.0,,,,,4910.0,27.0,,,,,4906.5,-10033.5
0,129800,BANANAS,4905.0,4.0,4902.0,26.0,,,4909.0,26.0,,,,,4907.0,-9390.0
0,129900,BANANAS,4902.0,21.0,,,,,4908.0,1.0,4909.0,20.0,,,4905.0,-8711.5
0,130000,BANANAS,4901.0,32.0,,,,,4908.0,32.0,,,,,4904.5,-8210.0
0,130100,BANANAS,4901.0,24.0,,,,,4905.0,8.0,4907.0,24.0,,,4903.0,-7570.0
0,130200,BANANAS,4901.0,24.0,,,,,4908.0,24.0,,,,,4904.5,-7646.0
0,130300,BANANAS,4901.0,29.0,,,,,4908.0,29.0,,,,,4904.5,-7624.0
0,130400,BANANAS,4901.0,2.0,4900.0,28.0,,,4907.0,30.0,,,,,4904.0,-7386.5
0,130500,BANANAS,4900.0,25.0,,,,,4905.0,9.0,4907.0,25.0,,,4902.5,-6921.0
0,130600,BANANAS,4900.0,23.0,,,,,4906.0,2.0,4907.0,21.0,,,4903.0,-6674.5
0,130700,BANANAS,4900.0,24.0,,,,,4907.0,24.0,,,,,4903.5,-7097.5
0,130800,BANANAS,4901.0,8.0,4900.0,27.0,,,4907.0,27.0,,,,,4904.0,-7032.5
0,130900,BANANAS,4900.0,25.0,,,,,4901.0,1.0,4907.0,25.0,,,4900.5,-7060.5
0,131000,BANANAS,4903.0,1.0,4900.0,24.0,,,4907.0,24.0,,,,,4905.0,-7011.5
0,131100,BANANAS,4905.0,1.0,4904.0,1.0,4900.0,29.0,4906.0,2.0,4907.0,27.0,,,4905.5,-6813.0
0,131200,BANANAS,4900.0,21.0,,,,,4907.0,22.0,,,,,4903.5,-7286.0
0,131300,BANANAS,4903.0,6.0,4900.0,22.0,,,4907.0,22.0,,,,,4905.0,-7378.5
0,131400,BANANAS,4900.0,23.0,,,,,4907.0,23.0,,,,,4903.5,-7263.5
0,131500,BANANAS,4900.0,21.0,,,,,4906.0,1.0,4907.0,20.0,,,4903.0,-6752.5
0,131600,BANANAS,4900.0,11.0,4899.0,29.0,,,4906.0,30.0,,,,,4903.0,-6449.5
0,131700,BANANAS,4899.0,23.0,,,,,4900.0,4.0,4906.0,23.0,,,4899.5,-6046.0
0,131800,BANANAS,4899.0,28.0,,,,,4900.0,3.0,4906.0,28.0,,,4899.5,-5732.5
0,131900,BANANAS,4899.0,25.0,,,,,4905.0,25.0,,,,,4902.0,-5556.5
0,132000,BANANAS,4899.0,24.0,,,,,4905.0,2.0,4906.0,22.0,,,4902.0,-5808.5
0,132100,BANANAS,4902.0,5.0,4900.0,10.0,4899.0,21.0,4905.0,1.0,4906.0,20.0,,,4903.5,-5681.0
0,132200,BANANAS,4899.0,26.0,,,,,4905.0,2.0,4906.0,24.0,,,4902.0,-5779.5
0,132300,BANANAS,4899.0,25.0,,,,,4906.0,25.0,,,,,4902.5,-5693.0
0,132400,BANANAS,4899.0,23.0,,,,,4906.0,23.0,,,,,4902.5,-5883.5
0,132500,BANANAS,4904.0,1.0,4899.0,25.0,,,4905.0,24.0,,,,,4904.5,-5563.5
0,132600,BANANAS,4900.0,4.0,4899.0,24.0,,,4906.0,24.0,,,,,4903.0,-5803.5
0,132700,BANANAS,4900.0,31.0,,,,,4906.0,31.0,,,,,4903.0,-6634.0
0,132800,BANANAS,4900.0,30.0,,,,,4907.0,30.0,,,,,4903.5,-6943.5
0,132900,BANANAS,4906.0,1.0,4900.0,21.0,,,4907.0,21.0,,,,,4906.5,-7363.5
0,133000,BANANAS,4901.0,4.0,4900.0,30.0,,,4907.0,32.0,,,,,4904.0,-7370.5
0,133100,BANANAS,4901.0,30.0,,,,,4907.0,1.0,4908.0,29.0,,,4904.0,-7812.5
0,133200,BANANAS,4907.0,1.0,4904.0,4.0,4902.0,10.0,4908.0,30.0,,,,,4907.5,-8211.5
0,133300,BANANAS,4906.0,1.0,4904.0,3.0,4901.0,29.0,4908.0,29.0,,,,,4907.0,-8015.5
0,133400,BANANAS,4902.0,6.0,4901.0,23.0,,,4908.0,23.0,,,,,4905.0,-7951.5
0,133500,BANANAS,4902.0,3.0,4901.0,22.0,,,4908.0,22.0,,,,,4905.0,-7747.5
0,133600,BANANAS,4901.0,22.0,,,,,4902.0,1.0,4906.0,9.0,4908.0,22.0,4901.5,-8197.5
0,133700,BANANAS,4902.0,26.0,,,,,4908.0,26.0,,,,,4905.0,-8633.5
0,133800,BANANAS,4902.0,2.0,4901.0,26.0,,,4908.0,28.0,,,,,4905.0,-8287.0
0,133900,BANANAS,4902.0,20.0,,,,,4909.0,20.0,,,,,4905.5,-9075.5
0,134000,BANANAS,4902.0,31.0,,,,,4903.0,1.0,4909.0,31.0,,,4902.5,-9143.0
0,134100,BANANAS,4902.0,25.0,,,,,4909.0,25.0,,,,,4905.5,-8659.5
0,134200,BANANAS,4902.0,7.0,4901.0,23.0,,,4908.0,23.0,,,,,4905.0,-8342.5
0,134300,BANANAS,4902.0,1.0,4901.0,20.0,,,4906.0,4.0,4908.0,21.0,,,4904.0,-8301.0
0,134400,BANANAS,4902.0,1.0,4901.0,24.0,,,4908.0,25.0,,,,,4905.0,-8466.5
0,134500,BANANAS,4901.0,25.0,,,,,4906.0,3.0,4908.0,25.0,,,4903.5,-8352.0
0,134600,BANANAS,4902.0,21.0,,,,,4908.0,1.0,4909.0,20.0,,,4905.0,-8767.5
0,134700,BANANAS,4903.0,2.0,4902.0,23.0,,,4908.0,1.0,4909.0,22.0,,,4905.5,-8614.0
0,134800,BANANAS,4902.0,26.0,,,,,4903.0,5.0,4907.0,5.0,4908.0,2.0,4902.5,-8567.5
0,134900,BANANAS,4902.0,23.0,,,,,4907.0,3.0,4908.0,1.0,4909.0,22.0,4904.5,-8738.5
0,135000,BANANAS,4902.0,24.0,,,,,4908.0,24.0,,,,,4905.0,-8522.0
0,135100,BANANAS,4902.0,2.0,4901.0,24.0,,,4908.0,26.0,,,,,4905.0,-8444.5
0,135200,BANANAS,4906.0,1.0,4902.0,31.0,,,4907.0,9.0,4908.0,1.0,4909.0,30.0,4906.5,-8720.0
0,135300,BANANAS,4902.0,2.0,4901.0,28.0,,,4908.0,30.0,,,,,4905.0,-8313.0
0,135400,BANANAS,4901.0,28.0,,,,,4906.0,1.0,4908.0,28.0,,,4903.5,-8097.0
0,135500,BANANAS,4901.0,29.0,,,,,4907.0,2.0,4908.0,27.0,,,4904.0,-7727.5
0,135600,BANANAS,4901.0,24.0,,,,,4908.0,24.0,,,,,4904.5,-7643.5
0,135700,BANANAS,4905.0,2.0,4901.0,24.0,,,4908.0,24.0,,,,,4906.5,-7636.5
0,135800,BANANAS,4901.0,23.0,,,,,4902.0,1.0,4906.0,8.0,4907.0,2.0,4901.5,-7668.5
0,135900,BANANAS,4901.0,24.0,,,,,4908.0,24.0,,,,,4904.5,-7911.5
0,136000,BANANAS,4902.0,2.0,4901.0,21.0,,,4906.0,1.0,4908.0,23.0,,,4904.0,-8263.0
0,136100,BANANAS,4901.0,29.0,,,,,4902.0,1.0,4908.0,29.0,,,4901.5,-8428.0
0,136200,BANANAS,4906.0,2.0,4902.0,21.0,,,4908.0,21.0,,,,,4907.0,-8538.0
0,136300,BANANAS,4902.0,21.0,,,,,4908.0,21.0,,,,,4905.0,-8531.5
0,136400,BANANAS,4907.0,1.0,4902.0,28.0,,,4908.0,28.0,,,,,4907.5,-8577.5
0,136500,BANANAS,4902.0,27.0,,,,,4905.0,5.0,4907.0,6.0,4909.0,28.0,4903.5,-8988.5
0,136600,BANANAS,4902.0,27.0,,,,,4909.0,27.0,,,,,4905.5,-9296.0
0,136700,BANANAS,4903.0,30.0,,,,,4910.0,30.0,,,,,4906.5,-9979.0
0,136800,BANANAS,4902.0,25.0,,,,,4909.0,25.0,,,,,4905.5,-9195.0
0,136900,BANANAS,4903.0,6.0,4902.0,20.0,,,4909.0,20.0,,,,,4906.0,-9320.0
0,137000,BANANAS,4902.0,24.0,,,,,4909.0,24.0,,,,,4905.5,-9014.0
0,137100,BANANAS,4902.0,1.0,4901.0,25.0,,,4908.0,27.0,,,,,4905.0,-8406.0
0,137200,BANANAS,4901.0,22.0,,,,,4908.0,22.0,,,,,4904.5,-7654.0
0,137300,BANANAS,4901.0,28.0,,,,,4908.0,28.0,,,,,4904.5,-8012.0
0,137400,BANANAS,4901.0,22.0,,,,,4908.0,22.0,,,,,4904.5,-7865.5
0,137500,BANANAS,4902.0,1.0,4901.0,22.0,,,4908.0,23.0,,,,,4905.0,-8233.5
0,137600,BANANAS,4901.0,1.0,4900.0,25.0,,,4905.0,1.0,4907.0,26.0,,,4903.0,-7284.0
0,137700,BANANAS,4901.0,2.0,4900.0,22.0,,,4907.0,24.0,,,,,4904.0,-7227.0
0,137800,BANANAS,4900.0,25.0,,,,,4907.0,25.0,,,,,4903.5,-6794.5
0,137900,BANANAS,4900.0,26.0,,,,,4906.0,2.0,4907.0,24.0,,,4903.0,-6684.0
0,138000,BANANAS,4900.0,22.0,,,,,4907.0,22.0,,,,,4903.5,-7258.0
0,138100,BANANAS,4900.0,22.0,,,,,4901.0,8.0,4907.0,22.0,,,4900.5,-6998.5
0,138200,BANANAS,4905.0,1.0,4900.0,23.0,,,4906.0,1.0,4907.0,22.0,,,4905.5,-6664.0
0,138300,BANANAS,4899.0,23.0,,,,,4900.0,1.0,4906.0,23.0,,,4899.5,-6386.5
0,138400,BANANAS,4900.0,10.0,4899.0,30.0,,,4906.0,30.0,,,,,4903.0,-5870.5
0,138500,BANANAS,4903.0,10.0,4898.0,29.0,,,4905.0,29.0,,,,,4904.0,-5083.0
0,138600,BANANAS,4902.0,4.0,4898.0,26.0,,,4904.0,26.0,,,,,4903.0,-4416.5
0,138700,BANANAS,4898.0,2.0,4897.0,26.0,,,4902.0,5.0,4904.0,28.0,,,4900.0,-4302.5
0,138800,BANANAS,4898.0,21.0,,,,,4904.0,21.0,,,,,4901.0,-4399.0
0,138900,BANANAS,4898.0,26.0,,,,,4904.0,26.0,,,,,4901.0,-4424.0
0,139000,BANANAS,4898.0,1.0,4897.0,30.0,,,4904.0,31.0,,,,,4901.0,-4165.0
0,139100,BANANAS,4898.0,30.0,,,,,4904.0,1.0,4905.0,29.0,,,4901.0,-4604.5
0,139200,BANANAS,4898.0,22.0,,,,,4905.0,22.0,,,,,4901.5,-4982.0
0,139300,BANANAS,4904.0,1.0,4899.0,28.0,,,4906.0,28.0,,,,,4905.0,-5812.0
0,139400,BANANAS,4899.0,22.0,,,,,4904.0,4.0,4906.0,22.0,,,4901.5,-5849.0
0,139500,BANANAS,4900.0,1.0,4899.0,22.0,,,4906.0,23.0,,,,,4903.0,-6236.5
0,139600,BANANAS,4899.0,26.0,,,,,4906.0,26.0,,,,,4902.5,-6361.0
0,139700,BANANAS,4900.0,30.0,,,,,4907.0,30.0,,,,,4903.5,-6808.0
0,139800,BANANAS,4900.0,30.0,,,,,4903.0,2.0,4906.0,2.0,4907.0,28.0,4901.5,-6716.5
0,139900,BANANAS,4901.0,32.0,,,,,4907.0,32.0,,,,,4904.0,-7551.5
0,140000,BANANAS,4906.0,1.0,4901.0,25.0,,,4908.0,25.0,,,,,4907.0,-8199.0
0,140100,BANANAS,4902.0,3.0,4901.0,25.0,,,4907.0,1.0,4908.0,24.0,,,4904.5,-7638.0
0,140200,BANANAS,4901.0,1.0,4900.0,30.0,,,4907.0,31.0,,,,,4904.0,-7247.5
0,140300,BANANAS,4901.0,1.0,4900.0,21.0,,,4907.0,21.0,,,,,4904.0,-7027.5
0,140400,BANANAS,4901.0,9.0,4900.0,21.0,,,4907.0,21.0,,,,,4904.0,-6826.0
0,140500,BANANAS,4900.0,21.0,,,,,4906.0,21.0,,,,,4903.0,-6435.5
0,140600,BANANAS,4900.0,1.0,4899.0,20.0,,,4906.0,22.0,,,,,4903.0,-6396.5
0,140700,BANANAS,4900.0,22.0,,,,,4907.0,22.0,,,,,4903.5,-6863.5
0,140800,BANANAS,4900.0,23.0,,,,,4905.0,3.0,4907.0,23.0,,,4902.5,-6912.5
0,140900,BANANAS,4900.0,23.0,,,,,4906.0,1.0,4907.0,22.0,,,4903.0,-6564.0
