day,timestamp,product,bid_price_1,bid_volume_1,bid_price_2,bid_volume_2,bid_price_3,bid_volume_3,ask_price_1,ask_volume_1,ask_price_2,ask_volume_2,ask_price_3,ask_volume_3,mid_price,profit_and_loss
0,0,BERRIES,3997.0,19.0,3996.0,58.0,,,4003.0,19.0,4005.0,58.0,,,4000.0,0.0
0,100,BERRIES,3996.0,12.0,3995.0,59.0,,,4003.0,12.0,4004.0,59.0,,,3999.5,20.396484375
0,200,BERRIES,3995.0,14.0,3994.0,52.0,,,4002.0,14.0,4003.0,52.0,,,3998.5,26.556640625
0,300,BERRIES,3995.0,11.0,3994.0,42.0,,,4002.0,11.0,4003.0,42.0,,,3998.5,24.740234375
0,400,BERRIES,3996.0,13.0,3995.0,56.0,,,4003.0,13.0,4004.0,56.0,,,3999.5,22.498046875
0,500,BERRIES,3996.0,16.0,3995.0,48.0,,,4003.0,16.0,4004.0,48.0,,,3999.5,23.44140625
0,600,BERRIES,3996.0,13.0,3995.0,55.0,,,4003.0,13.0,4004.0,55.0,,,3999.5,22.33984375
0,700,BERRIES,3997.0,16.0,3996.0,57.0,,,4004.0,16.0,4005.0,57.0,,,4000.5,17.17578125
0,800,BERRIES,3997.0,10.0,3996.0,51.0,,,4004.0,10.0,4005.0,51.0,,,4000.5,-26.3984375
0,900,BERRIES,3998.0,20.0,3997.0,49.0,,,4005.0,20.0,4006.0,49.0,,,4001.5,-32.4375
0,1000,BERRIES,3998.0,16.0,3997.0,56.0,,,4005.0,16.0,4006.0,56.0,,,4001.5,-38.3125
0,1100,BERRIES,3997.0,16.0,3996.0,48.0,,,4004.0,16.0,4005.0,48.0,,,4000.5,-30.890625
0,1200,BERRIES,3998.0,13.0,3997.0,54.0,,,4005.0,13.0,4006.0,54.0,,,4001.5,-39.125
0,1300,BERRIES,3997.0,14.0,3996.0,53.0,,,4000.0,4.0,4004.0,14.0,4005.0,53.0,3998.5,-24.9765625
0,1400,BERRIES,3997.0,15.0,3996.0,57.0,,,4004.0,15.0,4005.0,57.0,,,4000.5,-22.109375
0,1500,BERRIES,3997.0,18.0,3996.0,54.0,,,4004.0,18.0,4005.0,54.0,,,4000.5,-18.34375
0,1600,BERRIES,3996.0,10.0,3995.0,49.0,,,4003.0,10.0,4004.0,49.0,,,3999.5,-3.515625
0,1700,BERRIES,3996.0,20.0,3995.0,55.0,,,4003.0,20.0,4004.0,55.0,,,3999.5,-2.546875
0,1800,BERRIES,3997.0,12.0,3996.0,43.0,,,4004.0,12.0,4005.0,43.0,,,4000.5,-16.6015625
0,1900,BERRIES,3996.0,17.0,3995.0,53.0,,,4003.0,17.0,4004.0,53.0,,,3999.5,-13.6640625
0,2000,BERRIES,3996.0,14.0,3995.0,55.0,,,4003.0,14.0,4004.0,55.0,,,3999.5,-3.296875
0,2100,BERRIES,3996.0,13.0,3995.0,56.0,,,4003.0,13.0,4004.0,56.0,,,3999.5,-2.4921875
0,2200,BERRIES,3996.0,15.0,3995.0,48.0,,,4003.0,15.0,4004.0,48.0,,,3999.5,-9.78125
0,2300,BERRIES,3996.0,18.0,3995.0,60.0,,,4003.0,18.0,4004.0,60.0,,,3999.5,-11.421875
0,2400,BERRIES,3996.0,13.0,3995.0,58.0,,,4003.0,13.0,4004.0,58.0,,,3999.5,-11.375
0,2500,BERRIES,3999.0,27.0,3996.0,15.0,3995.0,57.0,4003.0,15.0,4004.0,57.0,,,4001.0,0.71875
0,2600,BERRIES,3996.0,15.0,3995.0,53.0,,,3998.0,11.0,4003.0,15.0,4004.0,53.0,3997.0,-3.546875
0,2700,BERRIES,3996.0,17.0,3995.0,48.0,,,4003.0,17.0,4004.0,48.0,,,3999.5,-7.6796875
0,2800,BERRIES,3997.0,20.0,3996.0,53.0,,,4004.0,20.0,4005.0,53.0,,,4000.5,-19.1484375
0,2900,BERRIES,3997.0,18.0,3996.0,59.0,,,4004.0,18.0,4005.0,59.0,,,4000.5,10.203125
0,3000,BERRIES,3998.0,13.0,3997.0,52.0,,,4005.0,13.0,4006.0,52.0,,,4001.5,-0.515625
0,3100,BERRIES,4000.0,7.0,3997.0,19.0,3996.0,46.0,4004.0,19.0,4005.0,46.0,,,4002.0,25.1875
0,3200,BERRIES,3996.0,12.0,3995.0,49.0,,,4003.0,12.0,4004.0,49.0,,,3999.5,47.65625
0,3300,BERRIES,3996.0,10.0,3995.0,52.0,,,4003.0,10.0,4004.0,52.0,,,3999.5,64.8515625
0,3400,BERRIES,3996.0,10.0,3995.0,54.0,,,4003.0,10.0,4004.0,54.0,,,3999.5,60.28125
0,3500,BERRIES,3995.0,10.0,3994.0,43.0,,,4002.0,10.0,4003.0,43.0,,,3998.5,72.6171875
0,3600,BERRIES,3996.0,16.0,3995.0,43.0,,,4003.0,16.0,4004.0,43.0,,,3999.5,52.2109375
0,3700,BERRIES,3996.0,10.0,3995.0,59.0,,,4003.0,10.0,4004.0,59.0,,,3999.5,48.4375
0,3800,BERRIES,4000.0,3.0,3996.0,11.0,3995.0,50.0,4003.0,11.0,4004.0,50.0,,,4001.5,42.7890625
0,3900,BERRIES,3997.0,10.0,3996.0,47.0,,,4004.0,10.0,4005.0,47.0,,,4000.5,31.1015625
0,4000,BERRIES,3997.0,13.0,3996.0,52.0,,,4004.0,13.0,4005.0,52.0,,,4000.5,25.828125
0,4100,BERRIES,3996.0,19.0,3995.0,45.0,,,4003.0,19.0,4004.0,45.0,,,3999.5,47.90625
0,4200,BERRIES,3998.0,12.0,3997.0,47.0,,,4005.0,12.0,4006.0,47.0,,,4001.5,9.640625
0,4300,BERRIES,3998.0,10.0,3997.0,54.0,,,4001.0,1.0,4005.0,10.0,4006.0,54.0,3999.5,-13.1875
0,4400,BERRIES,3999.0,18.0,3998.0,40.0,,,4006.0,18.0,4007.0,40.0,,,4002.5,-82.09375
0,4500,BERRIES,3999.0,10.0,3998.0,58.0,,,4006.0,10.0,4007.0,58.0,,,4002.5,-66.59375
0,4600,BERRIES,3998.0,12.0,3997.0,45.0,,,4005.0,12.0,4006.0,45.0,,,4001.5,-28.34375
0,4700,BERRIES,3997.0,18.0,3996.0,47.0,,,4004.0,18.0,4005.0,47.0,,,4000.5,2.84375
0,4800,BERRIES,3996.0,15.0,3995.0,50.0,,,4003.0,15.0,4004.0,50.0,,,3999.5,24.65625
0,4900,BERRIES,3997.0,10.0,3996.0,43.0,,,4004.0,10.0,4005.0,43.0,,,4000.5,6.5
0,5000,BERRIES,3997.0,11.0,3996.0,42.0,,,4004.0,11.0,4005.0,42.0,,,4000.5,-12.046875
0,5100,BERRIES,3998.0,15.0,3997.0,57.0,,,4005.0,15.0,4006.0,57.0,,,4001.5,-42.140625
0,5200,BERRIES,3999.0,15.0,3998.0,49.0,,,4002.0,12.0,4006.0,15.0,4007.0,49.0,4000.5,-86.390625
0,5300,BERRIES,3999.0,14.0,3998.0,44.0,,,4006.0,14.0,4007.0,44.0,,,4002.5,-97.09375
0,5400,BERRIES,4000.0,20.0,3999.0,45.0,,,4007.0,20.0,4008.0,45.0,,,4003.5,-104.375
0,5500,BERRIES,3999.0,19.0,3998.0,60.0,,,4006.0,19.0,4007.0,60.0,,,4002.5,-145.671875
0,5600,BERRIES,3999.0,12.0,3998.0,41.0,,,4006.0,12.0,4007.0,41.0,,,4002.5,-135.734375
0,5700,BERRIES,3999.0,12.0,3998.0,40.0,,,4001.0,4.0,4006.0,12.0,4007.0,40.0,4000.0,-101.796875
0,5800,BERRIES,3999.0,12.0,3998.0,44.0,,,4006.0,12.0,4007.0,44.0,,,4002.5,-116.671875
0,5900,BERRIES,3999.0,16.0,3998.0,49.0,,,4006.0,16.0,4007.0,49.0,,,4002.5,-125.890625
0,6000,BERRIES,3999.0,11.0,3998.0,50.0,,,4006.0,11.0,4007.0,50.0,,,4002.5,-113.953125
0,6100,BERRIES,3998.0,11.0,3997.0,49.0,,,4005.0,11.0,4006.0,49.0,,,4001.5,-90.1875
0,6200,BERRIES,3999.0,13.0,3998.0,56.0,,,4006.0,13.0,4007.0,56.0,,,4002.5,-103.46875
0,6300,BERRIES,4003.0,6.0,3999.0,18.0,3998.0,52.0,4006.0,18.0,4007.0,52.0,,,4004.5,-141.390625
0,6400,BERRIES,3999.0,16.0,3998.0,40.0,,,4006.0,16.0,4007.0,40.0,,,4002.5,-143.734375
0,6500,BERRIES,3999.0,20.0,3998.0,56.0,,,4006.0,20.0,4007.0,56.0,,,4002.5,-152.109375
0,6600,BERRIES,3999.0,14.0,3998.0,56.0,,,4006.0,14.0,4007.0,56.0,,,4002.5,-135.71875
0,6700,BERRIES,3999.0,18.0,3998.0,54.0,,,4006.0,18.0,4007.0,54.0,,,4002.5,-128.234375
0,6800,BERRIES,3999.0,17.0,3998.0,59.0,,,4006.0,17.0,4007.0,59.0,,,4002.5,-118.75
0,6900,BERRIES,3999.0,20.0,3998.0,55.0,,,4001.0,7.0,4006.0,20.0,4007.0,55.0,4000.0,-110.1875
0,7000,BERRIES,3998.0,10.0,3997.0,44.0,,,4005.0,10.0,4006.0,44.0,,,4001.5,-92.34375
0,7100,BERRIES,3999.0,13.0,3998.0,54.0,,,4006.0,13.0,4007.0,54.0,,,4002.5,-104.046875
0,7200,BERRIES,3999.0,11.0,3998.0,45.0,,,4006.0,11.0,4007.0,45.0,,,4002.5,-142.640625
0,7300,BERRIES,3999.0,18.0,3998.0,60.0,,,4006.0,18.0,4007.0,60.0,,,4002.5,-114.375
0,7400,BERRIES,4000.0,10.0,3999.0,58.0,,,4007.0,10.0,4008.0,58.0,,,4003.5,-176.1875
0,7500,BERRIES,3999.0,11.0,3998.0,49.0,,,4006.0,11.0,4007.0,49.0,,,4002.5,-163.09375
0,7600,BERRIES,3999.0,10.0,3998.0,57.0,,,4006.0,10.0,4007.0,57.0,,,4002.5,-151.15625
0,7700,BERRIES,3998.0,15.0,3997.0,45.0,,,4005.0,15.0,4006.0,45.0,,,4001.5,-81.484375
0,7800,BERRIES,3997.0,12.0,3996.0,45.0,,,4004.0,12.0,4005.0,45.0,,,4000.5,-3.28125
0,7900,BERRIES,3997.0,15.0,3996.0,51.0,,,4004.0,15.0,4005.0,51.0,,,4000.5,-26.921875
0,8000,BERRIES,4000.0,2.0,3997.0,16.0,3996.0,48.0,4004.0,16.0,4005.0,48.0,,,4002.0,8.359375
0,8100,BERRIES,4000.0,12.0,3997.0,15.0,3996.0,58.0,4004.0,15.0,4005.0,58.0,,,4002.0,-17.53125
0,8200,BERRIES,3997.0,11.0,3996.0,59.0,,,4004.0,11.0,4005.0,59.0,,,4000.5,-19.078125
0,8300,BERRIES,4001.0,23.0,3997.0,17.0,3996.0,51.0,4004.0,17.0,4005.0,51.0,,,4002.5,-27.078125
0,8400,BERRIES,3998.0,17.0,3997.0,55.0,,,4005.0,17.0,4006.0,55.0,,,4001.5,-30.875
0,8500,BERRIES,3998.0,11.0,3997.0,52.0,,,4005.0,11.0,4006.0,52.0,,,4001.5,-27.875
0,8600,BERRIES,3996.0,12.0,3995.0,59.0,,,4003.0,12.0,4004.0,59.0,,,3999.5,102.28125
0,8700,BERRIES,3995.0,13.0,3994.0,40.0,,,4002.0,13.0,4003.0,40.0,,,3998.5,171.5625
0,8800,BERRIES,3996.0,15.0,3995.0,57.0,,,4003.0,15.0,4004.0,57.0,,,3999.5,133.0
0,8900,BERRIES,3997.0,11.0,3996.0,44.0,,,4004.0,11.0,4005.0,44.0,,,4000.5,53.59375
0,9000,BERRIES,3997.0,10.0,3996.0,47.0,,,4004.0,10.0,4005.0,47.0,,,4000.5,57.5
0,9100,BERRIES,3996.0,19.0,3995.0,44.0,,,4003.0,19.0,4004.0,44.0,,,3999.5,85.5625
0,9200,BERRIES,3996.0,20.0,3995.0,44.0,,,4003.0,20.0,4004.0,44.0,,,3999.5,141.09375
0,9300,BERRIES,3996.0,10.0,3995.0,52.0,,,4003.0,10.0,4004.0,52.0,,,3999.5,119.46875
0,9400,BERRIES,3995.0,15.0,3994.0,55.0,,,4002.0,15.0,4003.0,55.0,,,3998.5,191.125
0,9500,BERRIES,3994.0,14.0,3993.0,50.0,,,4001.0,14.0,4002.0,50.0,,,3997.5,240.8125
0,9600,BERRIES,3995.0,12.0,3994.0,46.0,,,4002.0,12.0,4003.0,46.0,,,3998.5,235.5
0,9700,BERRIES,3995.0,18.0,3994.0,59.0,,,4002.0,18.0,4003.0,59.0,,,3998.5,231.59375
0,9800,BERRIES,3994.0,13.0,3993.0,54.0,,,4001.0,13.0,4002.0,54.0,,,3997.5,241.96875
0,9900,BERRIES,3995.0,13.0,3994.0,56.0,,,4002.0,13.0,4003.0,56.0,,,3998.5,199.75
0,10000,BERRIES,3994.0,19.0,3993.0,51.0,,,4001.0,19.0,4002.0,51.0,,,3997.5,249.34375
0,10100,BERRIES,3994.0,10.0,3993.0,55.0,,,4001.0,10.0,4002.0,55.0,,,3997.5,296.84375
0,10200,BERRIES,3994.0,11.0,3993.0,40.0,,,4001.0,11.0,4002.0,40.0,,,3997.5,313.59375
0,10300,BERRIES,3994.0,18.0,3993.0,50.0,,,4001.0,18.0,4002.0,50.0,,,3997.5,311.09375
0,10400,BERRIES,3993.0,16.0,3992.0,55.0,,,4000.0,16.0,4001.0,55.0,,,3996.5,324.625
0,10500,BERRIES,3994.0,19.0,3993.0,40.0,,,4001.0,19.0,4002.0,40.0,,,3997.5,245.46875
0,10600,BERRIES,3994.0,18.0,3993.0,51.0,,,4001.0,18.0,4002.0,51.0,,,3997.5,269.59375
0,10700,BERRIES,3994.0,14.0,3993.0,53.0,,,4001.0,14.0,4002.0,53.0,,,3997.5,244.4375
0,10800,BERRIES,3998.0,27.0,3994.0,18.0,3993.0,47.0,4001.0,18.0,4002.0,47.0,,,3999.5,267.875
0,10900,BERRIES,3994.0,11.0,3993.0,60.0,,,4001.0,11.0,4002.0,60.0,,,3997.5,255.21875
0,11000,BERRIES,3994.0,14.0,3993.0,40.0,,,4001.0,14.0,4002.0,40.0,,,3997.5,272.9375
0,11100,BERRIES,3994.0,18.0,3993.0,60.0,,,4001.0,18.0,4002.0,60.0,,,3997.5,288.65625
0,11200,BERRIES,3995.0,11.0,3994.0,56.0,,,4002.0,11.0,4003.0,56.0,,,3998.5,224.1875
0,11300,BERRIES,3994.0,10.0,3993.0,50.0,,,4001.0,10.0,4002.0,50.0,,,3997.5,237.6875
0,11400,BERRIES,3995.0,14.0,3994.0,40.0,,,4002.0,14.0,4003.0,40.0,,,3998.5,169.46875
0,11500,BERRIES,3995.0,17.0,3994.0,47.0,,,4002.0,17.0,4003.0,47.0,,,3998.5,199.0
0,11600,BERRIES,3995.0,12.0,3994.0,49.0,,,4002.0,12.0,4003.0,49.0,,,3998.5,217.75
0,11700,BERRIES,3995.0,14.0,3994.0,43.0,,,4002.0,14.0,4003.0,43.0,,,3998.5,173.71875
0,11800,BERRIES,3994.0,19.0,3993.0,45.0,,,3997.0,3.0,4001.0,19.0,4002.0,45.0,3995.5,272.5
0,11900,BERRIES,3993.0,17.0,3992.0,57.0,,,4000.0,17.0,4001.0,57.0,,,3996.5,339.1875
0,12000,BERRIES,3993.0,13.0,3992.0,40.0,,,4000.0,13.0,4001.0,40.0,,,3996.5,301.4375
0,12100,BERRIES,3993.0,18.0,3992.0,54.0,,,4000.0,18.0,4001.0,54.0,,,3996.5,280.1875
0,12200,BERRIES,3997.0,5.0,3994.0,12.0,3993.0,45.0,4001.0,12.0,4002.0,45.0,,,3999.0,254.625
0,12300,BERRIES,3994.0,14.0,3993.0,54.0,,,4001.0,14.0,4002.0,54.0,,,3997.5,269.34375
0,12400,BERRIES,3993.0,11.0,3992.0,40.0,,,4000.0,11.0,4001.0,40.0,,,3996.5,357.53125
0,12500,BERRIES,3993.0,16.0,3992.0,41.0,,,4000.0,16.0,4001.0,41.0,,,3996.5,318.15625
0,12600,BERRIES,3993.0,12.0,3992.0,53.0,,,4000.0,12.0,4001.0,53.0,,,3996.5,297.15625
0,12700,BERRIES,3993.0,20.0,3992.0,50.0,,,4000.0,20.0,4001.0,50.0,,,3996.5,351.3125
0,12800,BERRIES,3993.0,13.0,3992.0,41.0,,,4000.0,13.0,4001.0,41.0,,,3996.5,347.34375
0,12900,BERRIES,3994.0,15.0,3993.0,42.0,,,4001.0,15.0,4002.0,42.0,,,3997.5,261.25
0,13000,BERRIES,3994.0,11.0,3993.0,41.0,,,4001.0,11.0,4002.0,41.0,,,3997.5,255.53125
0,13100,BERRIES,3993.0,20.0,3992.0,53.0,,,4000.0,20.0,4001.0,53.0,,,3996.5,312.59375
0,13200,BERRIES,3993.0,16.0,3992.0,53.0,,,4000.0,16.0,4001.0,53.0,,,3996.5,333.21875
0,13300,BERRIES,3993.0,15.0,3992.0,50.0,,,4000.0,15.0,4001.0,50.0,,,3996.5,351.0625
0,13400,BERRIES,3993.0,14.0,3992.0,47.0,,,4000.0,14.0,4001.0,47.0,,,3996.5,334.9375
0,13500,BERRIES,3994.0,16.0,3993.0,58.0,,,4001.0,16.0,4002.0,58.0,,,3997.5,291.8125
0,13600,BERRIES,3993.0,17.0,3992.0,57.0,,,4000.0,17.0,4001.0,57.0,,,3996.5,336.90625
0,13700,BERRIES,3993.0,19.0,3992.0,58.0,,,4000.0,19.0,4001.0,58.0,,,3996.5,368.40625
0,13800,BERRIES,3993.0,12.0,3992.0,47.0,,,4000.0,12.0,4001.0,47.0,,,3996.5,319.75
0,13900,BERRIES,3994.0,20.0,3993.0,58.0,,,4001.0,20.0,4002.0,58.0,,,3997.5,284.5
0,14000,BERRIES,3994.0,13.0,3993.0,60.0,,,4001.0,13.0,4002.0,60.0,,,3997.5,219.625
0,14100,BERRIES,3994.0,20.0,3993.0,43.0,,,4001.0,20.0,4002.0,43.0,,,3997.5,290.09375
0,14200,BERRIES,3993.0,10.0,3992.0,57.0,,,4000.0,10.0,4001.0,57.0,,,3996.5,336.375
0,14300,BERRIES,3994.0,20.0,3993.0,48.0,,,4001.0,20.0,4002.0,48.0,,,3997.5,288.34375
0,14400,BERRIES,3993.0,16.0,3992.0,44.0,,,4000.0,16.0,4001.0,44.0,,,3996.5,334.3125
0,14500,BERRIES,3997.0,7.0,3993.0,14.0,3992.0,49.0,4000.0,14.0,4001.0,49.0,,,3998.5,319.03125
0,14600,BERRIES,3993.0,11.0,3992.0,41.0,,,4000.0,11.0,4001.0,41.0,,,3996.5,321.90625
0,14700,BERRIES,3993.0,11.0,3992.0,42.0,,,3995.0,4.0,4000.0,11.0,4001.0,42.0,3994.0,358.15625
0,14800,BERRIES,3994.0,14.0,3993.0,49.0,,,4001.0,14.0,4002.0,49.0,,,3997.5,287.875
0,14900,BERRIES,3994.0,15.0,3993.0,42.0,,,4001.0,15.0,4002.0,42.0,,,3997.5,288.875
0,15000,BERRIES,3993.0,13.0,3992.0,46.0,,,4000.0,13.0,4001.0,46.0,,,3996.5,313.59375
0,15100,BERRIES,3993.0,14.0,3992.0,54.0,,,4000.0,14.0,4001.0,54.0,,,3996.5,321.5625
0,15200,BERRIES,3993.0,11.0,3992.0,52.0,,,4000.0,11.0,4001.0,52.0,,,3996.5,309.9375
0,15300,BERRIES,3993.0,14.0,3992.0,53.0,,,4000.0,14.0,4001.0,53.0,,,3996.5,386.0625
0,15400,BERRIES,3992.0,20.0,3991.0,53.0,,,3999.0,20.0,4000.0,53.0,,,3995.5,427.96875
0,15500,BERRIES,3991.0,15.0,3990.0,45.0,,,3998.0,15.0,3999.0,45.0,,,3994.5,489.90625
0,15600,BERRIES,3990.0,18.0,3989.0,44.0,,,3997.0,18.0,3998.0,44.0,,,3993.5,591.4375
0,15700,BERRIES,3991.0,12.0,3990.0,46.0,,,3998.0,12.0,3999.0,46.0,,,3994.5,544.71875
0,15800,BERRIES,3992.0,10.0,3991.0,55.0,,,3999.0,10.0,4000.0,55.0,,,3995.5,476.0
0,15900,BERRIES,3996.0,2.0,3992.0,20.0,3991.0,48.0,3999.0,20.0,4000.0,48.0,,,3997.5,419.03125
0,16000,BERRIES,3991.0,16.0,3990.0,59.0,,,3998.0,16.0,3999.0,59.0,,,3994.5,504.59375
0,16100,BERRIES,3991.0,15.0,3990.0,58.0,,,3994.0,20.0,3998.0,15.0,3999.0,58.0,3992.5,485.6875
0,16200,BERRIES,3992.0,10.0,3991.0,52.0,,,3994.0,1.0,3999.0,10.0,4000.0,52.0,3993.0,453.28125
0,16300,BERRIES,3992.0,16.0,3991.0,50.0,,,3999.0,16.0,4000.0,50.0,,,3995.5,481.03125
0,16400,BERRIES,3992.0,14.0,3991.0,52.0,,,3999.0,14.0,4000.0,52.0,,,3995.5,442.03125
0,16500,BERRIES,3991.0,20.0,3990.0,56.0,,,3998.0,20.0,3999.0,56.0,,,3994.5,496.0625
0,16600,BERRIES,3991.0,17.0,3990.0,45.0,,,3998.0,17.0,3999.0,45.0,,,3994.5,548.09375
0,16700,BERRIES,3990.0,16.0,3989.0,55.0,,,3997.0,16.0,3998.0,55.0,,,3993.5,588.5
0,16800,BERRIES,3990.0,14.0,3989.0,46.0,,,3997.0,14.0,3998.0,46.0,,,3993.5,623.5625
0,16900,BERRIES,3990.0,19.0,3989.0,59.0,,,3996.0,19.0,3997.0,59.0,,,3993.0,672.375
0,17000,BERRIES,3990.0,20.0,3989.0,54.0,,,3997.0,20.0,3998.0,54.0,,,3993.5,626.5
0,17100,BERRIES,3993.0,2.0,3989.0,14.0,3988.0,42.0,3996.0,14.0,3997.0,42.0,,,3994.5,678.3125
0,17200,BERRIES,3989.0,10.0,3988.0,59.0,,,3996.0,10.0,3997.0,59.0,,,3992.5,701.0
0,17300,BERRIES,3989.0,11.0,3988.0,50.0,,,3996.0,11.0,3997.0,50.0,,,3992.5,731.96875
0,17400,BERRIES,3990.0,13.0,3989.0,53.0,,,3997.0,13.0,3998.0,53.0,,,3993.5,626.6875
0,17500,BERRIES,3990.0,11.0,3989.0,58.0,,,3997.0,11.0,3998.0,58.0,,,3993.5,670.15625
0,17600,BERRIES,3990.0,20.0,3989.0,52.0,,,3997.0,20.0,3998.0,52.0,,,3993.5,647.875
0,17700,BERRIES,3991.0,12.0,3990.0,40.0,,,3998.0,12.0,3999.0,40.0,,,3994.5,560.96875
0,17800,BERRIES,3990.0,15.0,3989.0,57.0,,,3997.0,15.0,3998.0,57.0,,,3993.5,618.125
0,17900,BERRIES,3990.0,13.0,3989.0,40.0,,,3992.0,4.0,3997.0,13.0,3998.0,40.0,3991.0,658.375
0,18000,BERRIES,3989.0,13.0,3988.0,52.0,,,3996.0,13.0,3997.0,52.0,,,3992.5,674.5625
0,18100,BERRIES,3989.0,10.0,3988.0,53.0,,,3996.0,10.0,3997.0,53.0,,,3992.5,738.375
0,18200,BERRIES,3989.0,11.0,3988.0,55.0,,,3996.0,11.0,3997.0,55.0,,,3992.5,680.03125
0,18300,BERRIES,3989.0,10.0,3988.0,40.0,,,3996.0,10.0,3997.0,40.0,,,3992.5,703.125
0,18400,BERRIES,3990.0,13.0,3989.0,42.0,,,3997.0,13.0,3998.0,42.0,,,3993.5,653.125
0,18500,BERRIES,3990.0,18.0,3989.0,54.0,,,3997.0,18.0,3998.0,54.0,,,3993.5,627.96875
0,18600,BERRIES,3990.0,13.0,3989.0,42.0,,,3997.0,13.0,3998.0,42.0,,,3993.5,627.25
0,18700,BERRIES,3990.0,16.0,3989.0,48.0,,,3997.0,16.0,3998.0,48.0,,,3993.5,581.75
0,18800,BERRIES,3990.0,17.0,3989.0,56.0,,,3997.0,17.0,3998.0,56.0,,,3993.5,596.53125
0,18900,BERRIES,3991.0,17.0,3990.0,51.0,,,3998.0,17.0,3999.0,51.0,,,3994.5,546.46875
0,19000,BERRIES,3990.0,16.0,3989.0,41.0,,,3997.0,16.0,3998.0,41.0,,,3993.5,609.40625
0,19100,BERRIES,3990.0,16.0,3989.0,46.0,,,3997.0,16.0,3998.0,46.0,,,3993.5,645.21875
0,19200,BERRIES,3990.0,10.0,3989.0,41.0,,,3997.0,10.0,3998.0,41.0,,,3993.5,587.9375
0,19300,BERRIES,3989.0,17.0,3988.0,42.0,,,3996.0,17.0,3997.0,42.0,,,3992.5,688.125
0,19400,BERRIES,3990.0,16.0,3989.0,59.0,,,3997.0,16.0,3998.0,59.0,,,3993.5,665.71875
0,19500,BERRIES,3989.0,10.0,3988.0,45.0,,,3996.0,10.0,3997.0,45.0,,,3992.5,685.53125
0,19600,BERRIES,3989.0,20.0,3988.0,40.0,,,3996.0,20.0,3997.0,40.0,,,3992.5,711.78125
0,19700,BERRIES,3989.0,16.0,3988.0,40.0,,,3996.0,16.0,3997.0,40.0,,,3992.5,745.25
0,19800,BERRIES,3989.0,19.0,3988.0,45.0,,,3996.0,19.0,3997.0,45.0,,,3992.5,696.875
0,19900,BERRIES,3989.0,19.0,3988.0,60.0,,,3996.0,19.0,3997.0,60.0,,,3992.5,772.8125
0,20000,BERRIES,3989.0,14.0,3988.0,46.0,,,3996.0,14.0,3997.0,46.0,,,3992.5,731.78125
0,20100,BERRIES,3989.0,11.0,3988.0,47.0,,,3996.0,11.0,3997.0,47.0,,,3992.5,708.375
0,20200,BERRIES,3989.0,14.0,3988.0,44.0,,,3996.0,14.0,3997.0,44.0,,,3992.5,729.6875
0,20300,BERRIES,3989.0,15.0,3988.0,59.0,,,3996.0,15.0,3997.0,59.0,,,3992.5,734.1875
0,20400,BERRIES,3989.0,15.0,3988.0,42.0,,,3996.0,15.0,3997.0,42.0,,,3992.5,699.46875
0,20500,BERRIES,3989.0,11.0,3988.0,58.0,,,3992.0,25.0,3996.0,11.0,3997.0,58.0,3990.5,729.0625
0,20600,BERRIES,3988.0,13.0,3987.0,44.0,,,3995.0,13.0,3996.0,44.0,,,3991.5,804.1875
0,20700,BERRIES,3988.0,12.0,3987.0,56.0,,,3995.0,12.0,3996.0,56.0,,,3991.5,790.4375
0,20800,BERRIES,3988.0,20.0,3987.0,55.0,,,3995.0,20.0,3996.0,55.0,,,3991.5,832.28125
0,20900,BERRIES,3988.0,11.0,3987.0,43.0,,,3995.0,11.0,3996.0,43.0,,,3991.5,852.78125
0,21000,BERRIES,3988.0,19.0,3987.0,45.0,,,3995.0,19.0,3996.0,45.0,,,3991.5,850.34375
0,21100,BERRIES,3988.0,11.0,3987.0,41.0,,,3995.0,11.0,3996.0,41.0,,,3991.5,814.125
0,21200,BERRIES,3989.0,17.0,3988.0,51.0,,,3996.0,17.0,3997.0,51.0,,,3992.5,724.71875
0,21300,BERRIES,3989.0,14.0,3988.0,51.0,,,3996.0,14.0,3997.0,51.0,,,3992.5,707.9375
0,21400,BERRIES,3989.0,15.0,3988.0,56.0,,,3996.0,15.0,3997.0,56.0,,,3992.5,702.4375
0,21500,BERRIES,3990.0,11.0,3989.0,45.0,,,3997.0,11.0,3998.0,45.0,,,3993.5,662.125
0,21600,BERRIES,3990.0,16.0,3989.0,48.0,,,3997.0,16.0,3998.0,48.0,,,3993.5,648.1875
0,21700,BERRIES,3989.0,20.0,3988.0,40.0,,,3996.0,20.0,3997.0,40.0,,,3992.5,731.6875
0,21800,BERRIES,3989.0,10.0,3988.0,56.0,,,3996.0,10.0,3997.0,56.0,,,3992.5,761.53125
0,21900,BERRIES,3988.0,16.0,3987.0,54.0,,,3995.0,16.0,3996.0,54.0,,,3991.5,822.78125
0,22000,BERRIES,3988.0,20.0,3987.0,45.0,,,3995.0,20.0,3996.0,45.0,,,3991.5,737.4375
0,22100,BERRIES,3989.0,10.0,3988.0,57.0,,,3996.0,10.0,3997.0,57.0,,,3992.5,666.46875
0,22200,BERRIES,3989.0,13.0,3988.0,48.0,,,3996.0,13.0,3997.0,48.0,,,3992.5,646.75
0,22300,BERRIES,3989.0,11.0,3988.0,46.0,,,3996.0,11.0,3997.0,46.0,,,3992.5,704.5
0,22400,BERRIES,3989.0,11.0,3988.0,43.0,,,3996.0,11.0,3997.0,43.0,,,3992.5,659.90625
0,22500,BERRIES,3989.0,12.0,3988.0,44.0,,,3996.0,12.0,3997.0,44.0,,,3992.5,713.84375
0,22600,BERRIES,3989.0,13.0,3988.0,41.0,,,3996.0,13.0,3997.0,41.0,,,3992.5,699.875
0,22700,BERRIES,3988.0,11.0,3987.0,51.0,,,3995.0,11.0,3996.0,51.0,,,3991.5,767.0
0,22800,BERRIES,3987.0,10.0,3986.0,40.0,,,3994.0,10.0,3995.0,40.0,,,3990.5,844.5625
0,22900,BERRIES,3987.0,12.0,3986.0,57.0,,,3994.0,12.0,3995.0,57.0,,,3990.5,923.09375
0,23000,BERRIES,3987.0,20.0,3986.0,43.0,,,3994.0,20.0,3995.0,43.0,,,3990.5,926.0
0,23100,BERRIES,3986.0,12.0,3985.0,53.0,,,3993.0,12.0,3994.0,53.0,,,3989.5,963.40625
0,23200,BERRIES,3987.0,18.0,3986.0,42.0,,,3994.0,18.0,3995.0,42.0,,,3990.5,939.0
0,23300,BERRIES,3986.0,10.0,3985.0,45.0,,,3993.0,10.0,3994.0,45.0,,,3989.5,1012.3125
0,23400,BERRIES,3986.0,18.0,3985.0,47.0,,,3993.0,18.0,3994.0,47.0,,,3989.5,984.84375
0,23500,BERRIES,3986.0,13.0,3985.0,56.0,,,3989.0,5.0,3993.0,13.0,3994.0,56.0,3987.5,1019.84375
0,23600,BERRIES,3987.0,19.0,3986.0,59.0,,,3994.0,19.0,3995.0,59.0,,,3990.5,949.5
0,23700,BERRIES,3987.0,14.0,3986.0,55.0,,,3994.0,14.0,3995.0,55.0,,,3990.5,892.21875
0,23800,BERRIES,3987.0,20.0,3986.0,56.0,,,3994.0,20.0,3995.0,56.0,,,3990.5,904.53125
0,23900,BERRIES,3987.0,16.0,3986.0,46.0,,,3994.0,16.0,3995.0,46.0,,,3990.5,898.59375
0,24000,BERRIES,3987.0,13.0,3986.0,47.0,,,3994.0,13.0,3995.0,47.0,,,3990.5,885.0
0,24100,BERRIES,3987.0,20.0,3986.0,43.0,,,3994.0,20.0,3995.0,43.0,,,3990.5,859.0625
0,24200,BERRIES,3987.0,19.0,3986.0,51.0,,,3994.0,19.0,3995.0,51.0,,,3990.5,874.65625
0,24300,BERRIES,3988.0,10.0,3987.0,56.0,,,3995.0,10.0,3996.0,56.0,,,3991.5,813.09375
0,24400,BERRIES,3991.0,1.0,3988.0,10.0,3987.0,51.0,3995.0,10.0,3996.0,51.0,,,3993.0,841.90625
0,24500,BERRIES,3987.0,15.0,3986.0,54.0,,,3994.0,15.0,3995.0,54.0,,,3990.5,950.4375
0,24600,BERRIES,3987.0,19.0,3986.0,46.0,,,3994.0,19.0,3995.0,46.0,,,3990.5,936.71875
0,24700,BERRIES,3987.0,13.0,3986.0,57.0,,,3994.0,13.0,3995.0,57.0,,,3990.5,942.96875
0,24800,BERRIES,3987.0,20.0,3986.0,43.0,,,3994.0,20.0,3995.0,43.0,,,3990.5,896.25
0,24900,BERRIES,3987.0,20.0,3986.0,43.0,,,3994.0,20.0,3995.0,43.0,,,3990.5,862.84375
0,25000,BERRIES,3987.0,16.0,3986.0,48.0,,,3994.0,16.0,3995.0,48.0,,,3990.5,855.6875
0,25100,BERRIES,3987.0,14.0,3986.0,58.0,,,3994.0,14.0,3995.0,58.0,,,3990.5,849.8125
0,25200,BERRIES,3988.0,20.0,3987.0,41.0,,,3995.0,20.0,3996.0,41.0,,,3991.5,842.8125
0,25300,BERRIES,3987.0,12.0,3986.0,50.0,,,3994.0,12.0,3995.0,50.0,,,3990.5,880.09375
0,25400,BERRIES,3987.0,13.0,3986.0,50.0,,,3994.0,13.0,3995.0,50.0,,,3990.5,948.78125
0,25500,BERRIES,3986.0,19.0,3985.0,49.0,,,3993.0,19.0,3994.0,49.0,,,3989.5,995.15625
0,25600,BERRIES,3986.0,16.0,3985.0,40.0,,,3993.0,16.0,3994.0,40.0,,,3989.5,1000.4375
0,25700,BERRIES,3988.0,15.0,3985.0,10.0,3984.0,47.0,3992.0,10.0,3993.0,47.0,,,3990.0,1128.09375
0,25800,BERRIES,3988.0,4.0,3985.0,10.0,3984.0,48.0,3992.0,10.0,3993.0,48.0,,,3990.0,1152.75
0,25900,BERRIES,3988.0,2.0,3984.0,12.0,3983.0,47.0,3991.0,12.0,3992.0,47.0,,,3989.5,1208.15625
0,26000,BERRIES,3988.0,5.0,3984.0,20.0,3983.0,54.0,3991.0,20.0,3992.0,54.0,,,3989.5,1213.28125
0,26100,BERRIES,3984.0,14.0,3983.0,56.0,,,3991.0,14.0,3992.0,56.0,,,3987.5,1259.21875
0,26200,BERRIES,3984.0,10.0,3983.0,40.0,,,3991.0,10.0,3992.0,40.0,,,3987.5,1255.84375
0,26300,BERRIES,3984.0,13.0,3983.0,51.0,,,3991.0,13.0,3992.0,51.0,,,3987.5,1268.84375
0,26400,BERRIES,3984.0,12.0,3983.0,55.0,,,3991.0,12.0,3992.0,55.0,,,3987.5,1196.0625
0,26500,BERRIES,3984.0,16.0,3983.0,41.0,,,3991.0,16.0,3992.0,41.0,,,3987.5,1215.53125
0,26600,BERRIES,3984.0,20.0,3983.0,40.0,,,3991.0,20.0,3992.0,40.0,,,3987.5,1229.375
0,26700,BERRIES,3984.0,15.0,3983.0,57.0,,,3991.0,15.0,3992.0,57.0,,,3987.5,1228.0625
0,26800,BERRIES,3983.0,20.0,3982.0,41.0,,,3990.0,20.0,3991.0,41.0,,,3986.5,1330.5
0,26900,BERRIES,3983.0,11.0,3982.0,44.0,,,3990.0,11.0,3991.0,44.0,,,3986.5,1390.96875
0,27000,BERRIES,3983.0,15.0,3982.0,57.0,,,3990.0,15.0,3991.0,57.0,,,3986.5,1310.3125
0,27100,BERRIES,3984.0,10.0,3983.0,41.0,,,3991.0,10.0,3992.0,41.0,,,3987.5,1281.40625
0,27200,BERRIES,3984.0,12.0,3983.0,58.0,,,3991.0,12.0,3992.0,58.0,,,3987.5,1276.8125
0,27300,BERRIES,3984.0,16.0,3983.0,53.0,,,3991.0,16.0,3992.0,53.0,,,3987.5,1216.125
0,27400,BERRIES,3984.0,19.0,3983.0,57.0,,,3991.0,19.0,3992.0,57.0,,,3987.5,1226.40625
0,27500,BERRIES,3984.0,19.0,3983.0,50.0,,,3991.0,19.0,3992.0,50.0,,,3987.5,1240.5625
0,27600,BERRIES,3984.0,13.0,3983.0,55.0,,,3991.0,13.0,3992.0,55.0,,,3987.5,1257.75
0,27700,BERRIES,3983.0,11.0,3982.0,56.0,,,3990.0,11.0,3991.0,56.0,,,3986.5,1357.8125
0,27800,BERRIES,3983.0,14.0,3982.0,56.0,,,3990.0,14.0,3991.0,56.0,,,3986.5,1305.125
0,27900,BERRIES,3983.0,18.0,3982.0,60.0,,,3990.0,18.0,3991.0,60.0,,,3986.5,1315.9375
0,28000,BERRIES,3983.0,15.0,3982.0,59.0,,,3990.0,15.0,3991.0,59.0,,,3986.5,1321.375
0,28100,BERRIES,3986.0,2.0,3983.0,10.0,3982.0,56.0,3990.0,10.0,3991.0,56.0,,,3988.0,1340.3125
0,28200,BERRIES,3983.0,13.0,3982.0,53.0,,,3985.0,15.0,3990.0,13.0,3991.0,53.0,3984.0,1376.15625
0,28300,BERRIES,3982.0,17.0,3981.0,50.0,,,3989.0,17.0,3990.0,50.0,,,3985.5,1503.375
0,28400,BERRIES,3982.0,13.0,3981.0,46.0,,,3989.0,13.0,3990.0,46.0,,,3985.5,1495.03125
0,28500,BERRIES,3983.0,17.0,3982.0,45.0,,,3990.0,17.0,3991.0,45.0,,,3986.5,1372.5
0,28600,BERRIES,3983.0,16.0,3982.0,43.0,,,3990.0,16.0,3991.0,43.0,,,3986.5,1317.0625
0,28700,BERRIES,3983.0,11.0,3982.0,53.0,,,3990.0,11.0,3991.0,53.0,,,3986.5,1333.4375
0,28800,BERRIES,3983.0,20.0,3982.0,55.0,,,3990.0,20.0,3991.0,55.0,,,3986.5,1385.59375
0,28900,BERRIES,3983.0,14.0,3982.0,55.0,,,3990.0,14.0,3991.0,55.0,,,3986.5,1384.3125
0,29000,BERRIES,3983.0,15.0,3982.0,54.0,,,3990.0,15.0,3991.0,54.0,,,3986.5,1363.59375
0,29100,BERRIES,3983.0,10.0,3982.0,55.0,,,3990.0,10.0,3991.0,55.0,,,3986.5,1370.5
0,29200,BERRIES,3983.0,18.0,3982.0,50.0,,,3990.0,18.0,3991.0,50.0,,,3986.5,1323.75
0,29300,BERRIES,3983.0,19.0,3982.0,54.0,,,3990.0,19.0,3991.0,54.0,,,3986.5,1377.5
0,29400,BERRIES,3983.0,11.0,3982.0,52.0,,,3990.0,11.0,3991.0,52.0,,,3986.5,1317.59375
0,29500,BERRIES,3983.0,20.0,3982.0,41.0,,,3990.0,20.0,3991.0,41.0,,,3986.5,1309.0
0,29600,BERRIES,3983.0,18.0,3982.0,44.0,,,3990.0,18.0,3991.0,44.0,,,3986.5,1304.34375
0,29700,BERRIES,3983.0,18.0,3982.0,42.0,,,3990.0,18.0,3991.0,42.0,,,3986.5,1321.875
0,29800,BERRIES,3983.0,17.0,3982.0,41.0,,,3990.0,17.0,3991.0,41.0,,,3986.5,1300.75
0,29900,BERRIES,3983.0,16.0,3982.0,49.0,,,3990.0,16.0,3991.0,49.0,,,3986.5,1278.34375
0,30000,BERRIES,3984.0,17.0,3983.0,55.0,,,3991.0,17.0,3992.0,55.0,,,3987.5,1273.8125
0,30100,BERRIES,3987.0,28.0,3984.0,19.0,3983.0,50.0,3991.0,19.0,3992.0,50.0,,,3989.0,1235.96875
0,30200,BERRIES,3985.0,16.0,3984.0,41.0,,,3988.0,4.0,3992.0,16.0,3993.0,41.0,3986.5,1089.125
0,30300,BERRIES,3984.0,12.0,3983.0,51.0,,,3991.0,12.0,3992.0,51.0,,,3987.5,1199.625
0,30400,BERRIES,3983.0,20.0,3982.0,54.0,,,3990.0,20.0,3991.0,54.0,,,3986.5,1334.8125
0,30500,BERRIES,3987.0,4.0,3983.0,12.0,3982.0,58.0,3990.0,12.0,3991.0,58.0,,,3988.5,1329.0
0,30600,BERRIES,3983.0,10.0,3982.0,43.0,,,3990.0,10.0,3991.0,43.0,,,3986.5,1394.3125
0,30700,BERRIES,3983.0,12.0,3982.0,41.0,,,3990.0,12.0,3991.0,41.0,,,3986.5,1386.875
0,30800,BERRIES,3982.0,17.0,3981.0,56.0,,,3989.0,17.0,3990.0,56.0,,,3985.5,1495.4375
0,30900,BERRIES,3982.0,18.0,3981.0,48.0,,,3989.0,18.0,3990.0,48.0,,,3985.5,1486.625
0,31000,BERRIES,3983.0,10.0,3982.0,43.0,,,3990.0,10.0,3991.0,43.0,,,3986.5,1398.625
0,31100,BERRIES,3983.0,11.0,3982.0,59.0,,,3990.0,11.0,3991.0,59.0,,,3986.5,1324.1875
0,31200,BERRIES,3983.0,13.0,3982.0,46.0,,,3990.0,13.0,3991.0,46.0,,,3986.5,1398.3125
0,31300,BERRIES,3983.0,15.0,3982.0,47.0,,,3990.0,15.0,3991.0,47.0,,,3986.5,1423.25
0,31400,BERRIES,3983.0,12.0,3982.0,46.0,,,3990.0,12.0,3991.0,46.0,,,3986.5,1363.4375
0,31500,BERRIES,3984.0,11.0,3983.0,55.0,,,3991.0,11.0,3992.0,55.0,,,3987.5,1239.875
0,31600,BERRIES,3983.0,20.0,3982.0,54.0,,,3990.0,20.0,3991.0,54.0,,,3986.5,1272.5
0,31700,BERRIES,3983.0,17.0,3982.0,48.0,,,3990.0,17.0,3991.0,48.0,,,3986.5,1335.3125
0,31800,BERRIES,3984.0,10.0,3983.0,50.0,,,3991.0,10.0,3992.0,50.0,,,3987.5,1253.5
0,31900,BERRIES,3987.0,4.0,3983.0,20.0,3982.0,43.0,3990.0,20.0,3991.0,43.0,,,3988.5,1280.0625
0,32000,BERRIES,3983.0,20.0,3982.0,52.0,,,3990.0,20.0,3991.0,52.0,,,3986.5,1395.5625
0,32100,BERRIES,3983.0,15.0,3982.0,59.0,,,3990.0,15.0,3991.0,59.0,,,3986.5,1312.875
0,32200,BERRIES,3983.0,11.0,3982.0,50.0,,,3990.0,11.0,3991.0,50.0,,,3986.5,1445.625
0,32300,BERRIES,3982.0,18.0,3981.0,47.0,,,3985.0,11.0,3989.0,18.0,3990.0,47.0,3983.5,1499.75
0,32400,BERRIES,3983.0,16.0,3982.0,45.0,,,3990.0,16.0,3991.0,45.0,,,3986.5,1423.75
0,32500,BERRIES,3982.0,15.0,3981.0,41.0,,,3989.0,15.0,3990.0,41.0,,,3985.5,1473.5
0,32600,BERRIES,3983.0,14.0,3982.0,44.0,,,3990.0,14.0,3991.0,44.0,,,3986.5,1413.5
0,32700,BERRIES,3982.0,12.0,3981.0,59.0,,,3989.0,12.0,3990.0,59.0,,,3985.5,1510.4375
0,32800,BERRIES,3983.0,19.0,3982.0,42.0,,,3990.0,19.0,3991.0,42.0,,,3986.5,1449.5
0,32900,BERRIES,3986.0,4.0,3983.0,20.0,3982.0,60.0,3990.0,20.0,3991.0,60.0,,,3988.0,1409.25
0,33000,BERRIES,3984.0,16.0,3983.0,52.0,,,3986.0,1.0,3991.0,16.0,3992.0,52.0,3985.0,1280.8125
0,33100,BERRIES,3983.0,16.0,3982.0,58.0,,,3986.0,16.0,3990.0,16.0,3991.0,58.0,3984.5,1300.5
0,33200,BERRIES,3983.0,20.0,3982.0,57.0,,,3990.0,20.0,3991.0,57.0,,,3986.5,1328.75
0,33300,BERRIES,3983.0,14.0,3982.0,55.0,,,3990.0,14.0,3991.0,55.0,,,3986.5,1336.5625
0,33400,BERRIES,3984.0,19.0,3983.0,49.0,,,3991.0,19.0,3992.0,49.0,,,3987.5,1253.625
0,33500,BERRIES,3987.0,15.0,3983.0,17.0,3982.0,60.0,3990.0,17.0,3991.0,60.0,,,3988.5,1312.8125
0,33600,BERRIES,3983.0,18.0,3982.0,59.0,,,3990.0,18.0,3991.0,59.0,,,3986.5,1324.25
0,33700,BERRIES,3984.0,13.0,3983.0,54.0,,,3991.0,13.0,3992.0,54.0,,,3987.5,1169.75
0,33800,BERRIES,3985.0,13.0,3984.0,55.0,,,3992.0,13.0,3993.0,55.0,,,3988.5,1108.0
0,33900,BERRIES,3985.0,13.0,3984.0,43.0,,,3992.0,13.0,3993.0,43.0,,,3988.5,1050.75
0,34000,BERRIES,3985.0,16.0,3984.0,41.0,,,3992.0,16.0,3993.0,41.0,,,3988.5,1092.3125
0,34100,BERRIES,3985.0,12.0,3984.0,49.0,,,3992.0,12.0,3993.0,49.0,,,3988.5,1024.125
0,34200,BERRIES,3985.0,12.0,3984.0,40.0,,,3992.0,12.0,3993.0,40.0,,,3988.5,1116.8125
0,34300,BERRIES,3984.0,11.0,3983.0,60.0,,,3986.0,1.0,3991.0,11.0,3992.0,60.0,3985.0,1235.4375
0,34400,BERRIES,3983.0,12.0,3982.0,59.0,,,3990.0,12.0,3991.0,59.0,,,3986.5,1310.4375
0,34500,BERRIES,3984.0,12.0,3983.0,40.0,,,3991.0,12.0,3992.0,40.0,,,3987.5,1198.125
0,34600,BERRIES,3984.0,10.0,3983.0,53.0,,,3991.0,10.0,3992.0,53.0,,,3987.5,1185.0625
0,34700,BERRIES,3984.0,20.0,3983.0,47.0,,,3991.0,20.0,3992.0,47.0,,,3987.5,1249.8125
0,34800,BERRIES,3984.0,18.0,3983.0,51.0,,,3991.0,18.0,3992.0,51.0,,,3987.5,1279.0
0,34900,BERRIES,3984.0,19.0,3983.0,51.0,,,3991.0,19.0,3992.0,51.0,,,3987.5,1242.75
0,35000,BERRIES,3984.0,17.0,3983.0,52.0,,,3991.0,17.0,3992.0,52.0,,,3987.5,1147.4375
0,35100,BERRIES,3984.0,10.0,3983.0,48.0,,,3986.0,5.0,3991.0,10.0,3992.0,48.0,3985.0,1279.75
0,35200,BERRIES,3984.0,13.0,3983.0,46.0,,,3991.0,13.0,3992.0,46.0,,,3987.5,1171.8125
0,35300,BERRIES,3985.0,13.0,3984.0,54.0,,,3992.0,13.0,3993.0,54.0,,,3988.5,1096.6875
0,35400,BERRIES,3984.0,17.0,3983.0,49.0,,,3987.0,4.0,3991.0,17.0,3992.0,49.0,3985.5,1153.375
0,35500,BERRIES,3984.0,18.0,3983.0,55.0,,,3991.0,18.0,3992.0,55.0,,,3987.5,1185.875
0,35600,BERRIES,3984.0,11.0,3983.0,52.0,,,3991.0,11.0,3992.0,52.0,,,3987.5,1146.375
0,35700,BERRIES,3984.0,12.0,3983.0,50.0,,,3991.0,12.0,3992.0,50.0,,,3987.5,1169.75
0,35800,BERRIES,3984.0,19.0,3983.0,41.0,,,3991.0,19.0,3992.0,41.0,,,3987.5,1158.875
0,35900,BERRIES,3984.0,20.0,3983.0,60.0,,,3991.0,20.0,3992.0,60.0,,,3987.5,1212.5625
0,36000,BERRIES,3983.0,17.0,3982.0,45.0,,,3990.0,17.0,3991.0,45.0,,,3986.5,1369.3125
0,36100,BERRIES,3984.0,14.0,3983.0,55.0,,,3991.0,14.0,3992.0,55.0,,,3987.5,1160.9375
0,36200,BERRIES,3984.0,17.0,3983.0,49.0,,,3991.0,17.0,3992.0,49.0,,,3987.5,1146.5
0,36300,BERRIES,3984.0,14.0,3983.0,40.0,,,3991.0,14.0,3992.0,40.0,,,3987.5,1127.4375
0,36400,BERRIES,3984.0,15.0,3983.0,55.0,,,3991.0,15.0,3992.0,55.0,,,3987.5,1083.9375
0,36500,BERRIES,3985.0,14.0,3984.0,59.0,,,3992.0,14.0,3993.0,59.0,,,3988.5,969.4375
0,36600,BERRIES,3986.0,14.0,3985.0,60.0,,,3993.0,14.0,3994.0,60.0,,,3989.5,889.8125
0,36700,BERRIES,3985.0,16.0,3984.0,50.0,,,3992.0,16.0,3993.0,50.0,,,3988.5,978.4375
0,36800,BERRIES,3985.0,17.0,3984.0,56.0,,,3992.0,17.0,3993.0,56.0,,,3988.5,988.375
0,36900,BERRIES,3985.0,12.0,3984.0,52.0,,,3992.0,12.0,3993.0,52.0,,,3988.5,982.625
0,37000,BERRIES,3985.0,14.0,3984.0,47.0,,,3992.0,14.0,3993.0,47.0,,,3988.5,917.4375
0,37100,BERRIES,3985.0,14.0,3984.0,55.0,,,3992.0,14.0,3993.0,55.0,,,3988.5,969.25
0,37200,BERRIES,3989.0,19.0,3985.0,10.0,3984.0,59.0,3992.0,10.0,3993.0,59.0,,,3990.5,936.75
0,37300,BERRIES,3985.0,12.0,3984.0,48.0,,,3992.0,12.0,3993.0,48.0,,,3988.5,917.625
0,37400,BERRIES,3986.0,14.0,3985.0,40.0,,,3993.0,14.0,3994.0,40.0,,,3989.5,799.25
0,37500,BERRIES,3985.0,12.0,3984.0,55.0,,,3992.0,12.0,3993.0,55.0,,,3988.5,1023.6875
0,37600,BERRIES,3985.0,19.0,3984.0,52.0,,,3992.0,19.0,3993.0,52.0,,,3988.5,1017.0625
0,37700,BERRIES,3985.0,20.0,3984.0,59.0,,,3992.0,20.0,3993.0,59.0,,,3988.5,988.125
0,37800,BERRIES,3985.0,20.0,3984.0,54.0,,,3992.0,20.0,3993.0,54.0,,,3988.5,930.4375
0,37900,BERRIES,3985.0,10.0,3984.0,44.0,,,3992.0,10.0,3993.0,44.0,,,3988.5,931.375
0,38000,BERRIES,3985.0,15.0,3984.0,47.0,,,3992.0,15.0,3993.0,47.0,,,3988.5,968.25
0,38100,BERRIES,3985.0,20.0,3984.0,60.0,,,3992.0,20.0,3993.0,60.0,,,3988.5,907.625
0,38200,BERRIES,3985.0,20.0,3984.0,42.0,,,3992.0,20.0,3993.0,42.0,,,3988.5,874.3125
0,38300,BERRIES,3985.0,19.0,3984.0,42.0,,,3992.0,19.0,3993.0,42.0,,,3988.5,951.0625
0,38400,BERRIES,3984.0,10.0,3983.0,54.0,,,3991.0,10.0,3992.0,54.0,,,3987.5,1075.0625
0,38500,BERRIES,3985.0,17.0,3984.0,56.0,,,3992.0,17.0,3993.0,56.0,,,3988.5,1024.5625
0,38600,BERRIES,3984.0,13.0,3983.0,53.0,,,3991.0,13.0,3992.0,53.0,,,3987.5,1103.6875
0,38700,BERRIES,3988.0,15.0,3985.0,20.0,3984.0,53.0,3992.0,20.0,3993.0,53.0,,,3990.0,1044.875
0,38800,BERRIES,3985.0,14.0,3984.0,60.0,,,3992.0,14.0,3993.0,60.0,,,3988.5,907.1875
0,38900,BERRIES,3985.0,20.0,3984.0,53.0,,,3992.0,20.0,3993.0,53.0,,,3988.5,888.75
0,39000,BERRIES,3986.0,10.0,3985.0,48.0,,,3993.0,58.0,,,,,3989.5,868.125
0,39100,BERRIES,3986.0,19.0,3985.0,48.0,,,3993.0,19.0,3994.0,48.0,,,3989.5,856.9375
0,39200,BERRIES,3986.0,19.0,3985.0,55.0,,,3993.0,19.0,3994.0,55.0,,,3989.5,731.1875
0,39300,BERRIES,3987.0,13.0,3986.0,58.0,,,3994.0,13.0,3995.0,58.0,,,3990.5,603.6875
0,39400,BERRIES,3987.0,16.0,3986.0,46.0,,,3994.0,16.0,3995.0,46.0,,,3990.5,596.3125
0,39500,BERRIES,3987.0,11.0,3986.0,50.0,,,3994.0,11.0,3995.0,50.0,,,3990.5,529.0
0,39600,BERRIES,3991.0,15.0,3987.0,11.0,3986.0,57.0,3994.0,11.0,3995.0,57.0,,,3992.5,525.125
0,39700,BERRIES,3987.0,10.0,3986.0,60.0,,,3994.0,10.0,3995.0,60.0,,,3990.5,570.5625
0,39800,BERRIES,3988.0,11.0,3987.0,40.0,,,3995.0,11.0,3996.0,40.0,,,3991.5,500.9375
0,39900,BERRIES,3988.0,20.0,3987.0,51.0,,,3994.0,20.0,3995.0,51.0,,,3991.0,509.25
0,40000,BERRIES,3990.0,5.0,3987.0,13.0,3986.0,54.0,3994.0,13.0,3995.0,54.0,,,3992.0,586.8125
0,40100,BERRIES,3986.0,16.0,3985.0,50.0,,,3993.0,16.0,3994.0,50.0,,,3989.5,723.375
0,40200,BERRIES,3987.0,14.0,3986.0,55.0,,,3994.0,14.0,3995.0,55.0,,,3990.5,633.375
0,40300,BERRIES,3986.0,16.0,3985.0,40.0,,,3993.0,16.0,3994.0,40.0,,,3989.5,721.3125
0,40400,BERRIES,3986.0,15.0,3985.0,60.0,,,3993.0,15.0,3994.0,60.0,,,3989.5,822.5625
0,40500,BERRIES,3986.0,17.0,3985.0,48.0,,,3993.0,17.0,3994.0,48.0,,,3989.5,846.8125
0,40600,BERRIES,3986.0,19.0,3985.0,46.0,,,3993.0,19.0,3994.0,46.0,,,3989.5,779.75
0,40700,BERRIES,3985.0,19.0,3984.0,41.0,,,3992.0,19.0,3993.0,41.0,,,3988.5,937.125
0,40800,BERRIES,3985.0,15.0,3984.0,47.0,,,3992.0,15.0,3993.0,47.0,,,3988.5,879.4375
0,40900,BERRIES,3986.0,13.0,3985.0,56.0,,,3993.0,13.0,3994.0,56.0,,,3989.5,844.0625
0,41000,BERRIES,3985.0,18.0,3984.0,55.0,,,3992.0,18.0,3993.0,55.0,,,3988.5,954.875
0,41100,BERRIES,3984.0,18.0,3983.0,57.0,,,3991.0,18.0,3992.0,57.0,,,3987.5,1058.75
0,41200,BERRIES,3984.0,13.0,3983.0,43.0,,,3991.0,13.0,3992.0,43.0,,,3987.5,1074.875
0,41300,BERRIES,3985.0,11.0,3984.0,47.0,,,3992.0,11.0,3993.0,47.0,,,3988.5,899.1875
0,41400,BERRIES,3985.0,15.0,3984.0,52.0,,,3992.0,15.0,3993.0,52.0,,,3988.5,922.25
0,41500,BERRIES,3986.0,16.0,3985.0,46.0,,,3993.0,16.0,3994.0,46.0,,,3989.5,823.75
0,41600,BERRIES,3986.0,14.0,3985.0,53.0,,,3993.0,14.0,3994.0,53.0,,,3989.5,726.9375
0,41700,BERRIES,3985.0,15.0,3984.0,59.0,,,3992.0,15.0,3993.0,59.0,,,3988.5,873.9375
0,41800,BERRIES,3985.0,15.0,3984.0,56.0,,,3992.0,15.0,3993.0,56.0,,,3988.5,874.3125
0,41900,BERRIES,3986.0,14.0,3985.0,52.0,,,3993.0,14.0,3994.0,52.0,,,3989.5,783.3125
0,42000,BERRIES,3986.0,12.0,3985.0,51.0,,,3993.0,12.0,3994.0,51.0,,,3989.5,829.4375
0,42100,BERRIES,3986.0,14.0,3985.0,48.0,,,3993.0,14.0,3994.0,48.0,,,3989.5,716.6875
0,42200,BERRIES,3986.0,10.0,3985.0,50.0,,,3993.0,10.0,3994.0,50.0,,,3989.5,816.625
0,42300,BERRIES,3985.0,19.0,3984.0,51.0,,,3992.0,19.0,3993.0,51.0,,,3988.5,952.6875
0,42400,BERRIES,3985.0,14.0,3984.0,60.0,,,3992.0,14.0,3993.0,60.0,,,3988.5,993.5
0,42500,BERRIES,3985.0,10.0,3984.0,52.0,,,3992.0,10.0,3993.0,52.0,,,3988.5,932.8125
0,42600,BERRIES,3985.0,12.0,3984.0,44.0,,,3992.0,12.0,3993.0,44.0,,,3988.5,968.5
0,42700,BERRIES,3985.0,10.0,3984.0,41.0,,,3992.0,10.0,3993.0,41.0,,,3988.5,883.25
0,42800,BERRIES,3985.0,13.0,3984.0,45.0,,,3992.0,13.0,3993.0,45.0,,,3988.5,1025.9375
0,42900,BERRIES,3984.0,19.0,3983.0,45.0,,,3991.0,19.0,3992.0,45.0,,,3987.5,1079.625
0,43000,BERRIES,3985.0,15.0,3984.0,58.0,,,3992.0,15.0,3993.0,58.0,,,3988.5,953.0
0,43100,BERRIES,3984.0,13.0,3983.0,60.0,,,3991.0,13.0,3992.0,60.0,,,3987.5,1179.875
0,43200,BERRIES,3984.0,13.0,3983.0,57.0,,,3991.0,13.0,3992.0,57.0,,,3987.5,1197.625
0,43300,BERRIES,3983.0,17.0,3982.0,40.0,,,3990.0,17.0,3991.0,40.0,,,3986.5,1285.4375
0,43400,BERRIES,3987.0,4.0,3983.0,10.0,3982.0,53.0,3990.0,10.0,3991.0,53.0,,,3988.5,1358.875
0,43500,BERRIES,3986.0,4.0,3983.0,14.0,3982.0,52.0,3990.0,14.0,3991.0,52.0,,,3988.0,1391.0625
0,43600,BERRIES,3982.0,10.0,3981.0,45.0,,,3989.0,10.0,3990.0,45.0,,,3985.5,1536.25
0,43700,BERRIES,3983.0,13.0,3982.0,41.0,,,3990.0,13.0,3991.0,41.0,,,3986.5,1444.3125
0,43800,BERRIES,3983.0,18.0,3982.0,49.0,,,3990.0,18.0,3991.0,49.0,,,3986.5,1341.3125
0,43900,BERRIES,3984.0,14.0,3983.0,48.0,,,3991.0,14.0,3992.0,48.0,,,3987.5,1212.4375
0,44000,BERRIES,3984.0,15.0,3983.0,54.0,,,3991.0,15.0,3992.0,54.0,,,3987.5,1194.875
0,44100,BERRIES,3983.0,20.0,3982.0,48.0,,,3990.0,20.0,3991.0,48.0,,,3986.5,1294.3125
0,44200,BERRIES,3984.0,11.0,3983.0,49.0,,,3991.0,11.0,3992.0,49.0,,,3987.5,1225.75
0,44300,BERRIES,3983.0,10.0,3982.0,54.0,,,3990.0,10.0,3991.0,54.0,,,3986.5,1366.75
0,44400,BERRIES,3982.0,19.0,3981.0,45.0,,,3989.0,19.0,3990.0,45.0,,,3985.5,1463.25
0,44500,BERRIES,3983.0,11.0,3982.0,49.0,,,3990.0,11.0,3991.0,49.0,,,3986.5,1241.5625
0,44600,BERRIES,3984.0,12.0,3983.0,40.0,,,3991.0,12.0,3992.0,40.0,,,3987.5,1127.6875
0,44700,BERRIES,3984.0,20.0,3983.0,54.0,,,3991.0,20.0,3992.0,54.0,,,3987.5,1080.625
0,44800,BERRIES,3985.0,16.0,3984.0,49.0,,,3992.0,16.0,3993.0,49.0,,,3988.5,923.625
0,44900,BERRIES,3985.0,14.0,3984.0,45.0,,,3992.0,14.0,3993.0,45.0,,,3988.5,953.8125
0,45000,BERRIES,3985.0,18.0,3984.0,52.0,,,3988.0,2.0,3992.0,18.0,3993.0,52.0,3986.5,891.3125
0,45100,BERRIES,3985.0,20.0,3984.0,42.0,,,3992.0,20.0,3993.0,42.0,,,3988.5,976.6875
0,45200,BERRIES,3985.0,19.0,3984.0,56.0,,,3992.0,19.0,3993.0,56.0,,,3988.5,1011.3125
0,45300,BERRIES,3985.0,10.0,3984.0,54.0,,,3992.0,10.0,3993.0,54.0,,,3988.5,1001.375
0,45400,BERRIES,3989.0,3.0,3985.0,20.0,3984.0,43.0,3992.0,20.0,3993.0,43.0,,,3990.5,842.75
0,45500,BERRIES,3985.0,15.0,3984.0,48.0,,,3992.0,15.0,3993.0,48.0,,,3988.5,915.625
0,45600,BERRIES,3986.0,17.0,3985.0,50.0,,,3993.0,17.0,3994.0,50.0,,,3989.5,803.125
0,45700,BERRIES,3986.0,20.0,3985.0,51.0,,,3993.0,20.0,3994.0,51.0,,,3989.5,803.375
0,45800,BERRIES,3985.0,11.0,3984.0,58.0,,,3992.0,11.0,3993.0,58.0,,,3988.5,1032.1875
0,45900,BERRIES,3984.0,14.0,3983.0,48.0,,,3991.0,14.0,3992.0,48.0,,,3987.5,1244.125
0,46000,BERRIES,3983.0,18.0,3982.0,47.0,,,3990.0,18.0,3991.0,47.0,,,3986.5,1320.0625
0,46100,BERRIES,3984.0,13.0,3983.0,43.0,,,3991.0,13.0,3992.0,43.0,,,3987.5,1200.8125
0,46200,BERRIES,3984.0,16.0,3983.0,55.0,,,3991.0,16.0,3992.0,55.0,,,3987.5,1171.4375
0,46300,BERRIES,3985.0,18.0,3984.0,54.0,,,3992.0,18.0,3993.0,54.0,,,3988.5,969.875
0,46400,BERRIES,3985.0,14.0,3984.0,55.0,,,3992.0,14.0,3993.0,55.0,,,3988.5,948.9375
0,46500,BERRIES,3986.0,12.0,3985.0,53.0,,,3993.0,12.0,3994.0,53.0,,,3989.5,791.5625
0,46600,BERRIES,3986.0,16.0,3985.0,41.0,,,3993.0,16.0,3994.0,41.0,,,3989.5,762.8125
0,46700,BERRIES,3985.0,16.0,3984.0,50.0,,,3992.0,16.0,3993.0,50.0,,,3988.5,862.5
0,46800,BERRIES,3986.0,20.0,3985.0,44.0,,,3993.0,20.0,3994.0,44.0,,,3989.5,782.5625
0,46900,BERRIES,3985.0,16.0,3984.0,59.0,,,3992.0,16.0,3993.0,59.0,,,3988.5,863.6875
0,47000,BERRIES,3985.0,18.0,3984.0,47.0,,,3992.0,18.0,3993.0,47.0,,,3988.5,1018.4375
0,47100,BERRIES,3984.0,18.0,3983.0,47.0,,,3991.0,18.0,3992.0,47.0,,,3987.5,1100.375
0,47200,BERRIES,3984.0,19.0,3983.0,41.0,,,3991.0,19.0,3992.0,41.0,,,3987.5,1142.3125
0,47300,BERRIES,3984.0,11.0,3983.0,57.0,,,3991.0,11.0,3992.0,57.0,,,3987.5,1113.625
0,47400,BERRIES,3985.0,13.0,3984.0,47.0,,,3992.0,13.0,3993.0,47.0,,,3988.5,1018.4375
0,47500,BERRIES,3985.0,19.0,3984.0,48.0,,,3992.0,19.0,3993.0,48.0,,,3988.5,949.9375
0,47600,BERRIES,3986.0,15.0,3985.0,56.0,,,3993.0,15.0,3994.0,56.0,,,3989.5,717.75
0,47700,BERRIES,3985.0,14.0,3984.0,43.0,,,3992.0,14.0,3993.0,43.0,,,3988.5,932.875
0,47800,BERRIES,3985.0,11.0,3984.0,45.0,,,3992.0,11.0,3993.0,45.0,,,3988.5,951.375
0,47900,BERRIES,3986.0,11.0,3985.0,59.0,,,3993.0,11.0,3994.0,59.0,,,3989.5,664.25
0,48000,BERRIES,3986.0,18.0,3985.0,41.0,,,3993.0,18.0,3994.0,41.0,,,3989.5,693.5625
0,48100,BERRIES,3986.0,12.0,3985.0,58.0,,,3993.0,12.0,3994.0,58.0,,,3989.5,831.6875
0,48200,BERRIES,3985.0,17.0,3984.0,49.0,,,3992.0,17.0,3993.0,49.0,,,3988.5,913.875
0,48300,BERRIES,3985.0,15.0,3984.0,59.0,,,3992.0,15.0,3993.0,59.0,,,3988.5,975.1875
0,48400,BERRIES,3984.0,10.0,3983.0,49.0,,,3991.0,10.0,3992.0,49.0,,,3987.5,1031.625
0,48500,BERRIES,3985.0,16.0,3984.0,56.0,,,3992.0,16.0,3993.0,56.0,,,3988.5,825.4375
0,48600,BERRIES,3985.0,12.0,3984.0,47.0,,,3992.0,12.0,3993.0,47.0,,,3988.5,988.4375
0,48700,BERRIES,3984.0,11.0,3983.0,45.0,,,3991.0,11.0,3992.0,45.0,,,3987.5,1068.5
0,48800,BERRIES,3985.0,10.0,3984.0,56.0,,,3992.0,10.0,3993.0,56.0,,,3988.5,899.0
0,48900,BERRIES,3985.0,14.0,3984.0,59.0,,,3992.0,14.0,3993.0,59.0,,,3988.5,861.875
0,49000,BERRIES,3985.0,11.0,3984.0,54.0,,,3992.0,11.0,3993.0,54.0,,,3988.5,820.75
0,49100,BERRIES,3985.0,15.0,3984.0,47.0,,,3992.0,15.0,3993.0,47.0,,,3988.5,863.0625
0,49200,BERRIES,3986.0,16.0,3985.0,52.0,,,3993.0,16.0,3994.0,52.0,,,3989.5,749.5
0,49300,BERRIES,3985.0,16.0,3984.0,56.0,,,3992.0,16.0,3993.0,56.0,,,3988.5,867.4375
0,49400,BERRIES,3986.0,13.0,3985.0,53.0,,,3993.0,13.0,3994.0,53.0,,,3989.5,752.125
0,49500,BERRIES,3986.0,10.0,3985.0,55.0,,,3993.0,10.0,3994.0,55.0,,,3989.5,735.25
0,49600,BERRIES,3986.0,20.0,3985.0,54.0,,,3993.0,20.0,3994.0,54.0,,,3989.5,755.0625
0,49700,BERRIES,3985.0,16.0,3984.0,40.0,,,3992.0,16.0,3993.0,40.0,,,3988.5,815.875
0,49800,BERRIES,3986.0,17.0,3985.0,59.0,,,3993.0,17.0,3994.0,59.0,,,3989.5,701.1875
0,49900,BERRIES,3986.0,13.0,3985.0,49.0,,,3993.0,13.0,3994.0,49.0,,,3989.5,658.75
0,50000,BERRIES,3986.0,12.0,3985.0,41.0,,,3993.0,12.0,3994.0,41.0,,,3989.5,702.5625
0,50100,BERRIES,3986.0,19.0,3985.0,45.0,,,3993.0,19.0,3994.0,45.0,,,3989.5,685.9375
0,50200,BERRIES,3985.0,10.0,3984.0,50.0,,,3992.0,10.0,3993.0,50.0,,,3988.5,807.3125
0,50300,BERRIES,3986.0,12.0,3985.0,54.0,,,3993.0,12.0,3994.0,54.0,,,3989.5,653.5
0,50400,BERRIES,3987.0,16.0,3986.0,59.0,,,3994.0,16.0,3995.0,59.0,,,3990.5,487.4375
0,50500,BERRIES,3987.0,19.0,3986.0,47.0,,,3994.0,19.0,3995.0,47.0,,,3990.5,350.5
0,50600,BERRIES,3988.0,12.0,3987.0,43.0,,,3995.0,12.0,3996.0,43.0,,,3991.5,313.25
0,50700,BERRIES,3988.0,15.0,3987.0,41.0,,,3995.0,15.0,3996.0,41.0,,,3991.5,249.6875
0,50800,BERRIES,3987.0,16.0,3986.0,54.0,,,3994.0,16.0,3995.0,54.0,,,3990.5,407.0
0,50900,BERRIES,3987.0,20.0,3986.0,56.0,,,3994.0,20.0,3995.0,56.0,,,3990.5,447.0
0,51000,BERRIES,3987.0,19.0,3986.0,46.0,,,3994.0,19.0,3995.0,46.0,,,3990.5,472.375
0,51100,BERRIES,3987.0,18.0,3986.0,40.0,,,3994.0,18.0,3995.0,40.0,,,3990.5,484.5
0,51200,BERRIES,3987.0,17.0,3986.0,54.0,,,3994.0,17.0,3995.0,54.0,,,3990.5,406.4375
0,51300,BERRIES,3987.0,19.0,3986.0,58.0,,,3994.0,19.0,3995.0,58.0,,,3990.5,454.75
0,51400,BERRIES,3987.0,17.0,3986.0,45.0,,,3994.0,17.0,3995.0,45.0,,,3990.5,538.375
0,51500,BERRIES,3987.0,13.0,3986.0,43.0,,,3994.0,13.0,3995.0,43.0,,,3990.5,392.8125
0,51600,BERRIES,3987.0,18.0,3986.0,48.0,,,3994.0,18.0,3995.0,48.0,,,3990.5,411.875
0,51700,BERRIES,3987.0,17.0,3986.0,56.0,,,3994.0,17.0,3995.0,56.0,,,3990.5,485.4375
0,51800,BERRIES,3989.0,17.0,3986.0,15.0,3985.0,50.0,3993.0,15.0,3994.0,50.0,,,3991.0,723.1875
0,51900,BERRIES,3985.0,12.0,3984.0,57.0,,,3992.0,12.0,3993.0,57.0,,,3988.5,885.5
0,52000,BERRIES,3985.0,20.0,3984.0,47.0,,,3992.0,20.0,3993.0,47.0,,,3988.5,910.25
0,52100,BERRIES,3985.0,14.0,3984.0,44.0,,,3992.0,14.0,3993.0,44.0,,,3988.5,874.125
0,52200,BERRIES,3984.0,11.0,3983.0,57.0,,,3991.0,11.0,3992.0,57.0,,,3987.5,1087.5
0,52300,BERRIES,3984.0,16.0,3983.0,53.0,,,3991.0,16.0,3992.0,53.0,,,3987.5,1086.8125
0,52400,BERRIES,3984.0,11.0,3983.0,47.0,,,3991.0,11.0,3992.0,47.0,,,3987.5,1044.4375
0,52500,BERRIES,3984.0,20.0,3983.0,42.0,,,3991.0,20.0,3992.0,42.0,,,3987.5,1103.125
0,52600,BERRIES,3984.0,18.0,3983.0,46.0,,,3991.0,18.0,3992.0,46.0,,,3987.5,1093.9375
0,52700,BERRIES,3985.0,12.0,3984.0,47.0,,,3992.0,12.0,3993.0,47.0,,,3988.5,920.8125
0,52800,BERRIES,3985.0,12.0,3984.0,49.0,,,3992.0,12.0,3993.0,49.0,,,3988.5,1009.4375
0,52900,BERRIES,3984.0,14.0,3983.0,46.0,,,3991.0,14.0,3992.0,46.0,,,3987.5,1212.75
0,53000,BERRIES,3984.0,18.0,3983.0,59.0,,,3991.0,18.0,3992.0,59.0,,,3987.5,1256.625
0,53100,BERRIES,3983.0,14.0,3982.0,47.0,,,3990.0,14.0,3991.0,47.0,,,3986.5,1361.75
0,53200,BERRIES,3983.0,16.0,3982.0,45.0,,,3990.0,16.0,3991.0,45.0,,,3986.5,1365.8125
0,53300,BERRIES,3983.0,10.0,3982.0,40.0,,,3990.0,10.0,3991.0,40.0,,,3986.5,1279.5625
0,53400,BERRIES,3984.0,18.0,3983.0,47.0,,,3991.0,18.0,3992.0,47.0,,,3987.5,1170.0
0,53500,BERRIES,3984.0,13.0,3983.0,40.0,,,3991.0,13.0,3992.0,40.0,,,3987.5,1129.25
0,53600,BERRIES,3985.0,13.0,3984.0,45.0,,,3992.0,13.0,3993.0,45.0,,,3988.5,957.5625
0,53700,BERRIES,3985.0,19.0,3984.0,46.0,,,3992.0,19.0,3993.0,46.0,,,3988.5,912.0
0,53800,BERRIES,3985.0,11.0,3984.0,43.0,,,3992.0,11.0,3993.0,43.0,,,3988.5,785.8125
0,53900,BERRIES,3986.0,17.0,3985.0,55.0,,,3993.0,17.0,3994.0,55.0,,,3989.5,741.5625
0,54000,BERRIES,3986.0,14.0,3985.0,59.0,,,3993.0,14.0,3994.0,59.0,,,3989.5,706.5625
0,54100,BERRIES,3986.0,11.0,3985.0,44.0,,,3993.0,11.0,3994.0,44.0,,,3989.5,766.4375
0,54200,BERRIES,3986.0,12.0,3985.0,49.0,,,3993.0,12.0,3994.0,49.0,,,3989.5,764.625
0,54300,BERRIES,3985.0,15.0,3984.0,54.0,,,3992.0,15.0,3993.0,54.0,,,3988.5,832.75
0,54400,BERRIES,3985.0,15.0,3984.0,56.0,,,3992.0,15.0,3993.0,56.0,,,3988.5,867.3125
0,54500,BERRIES,3985.0,15.0,3984.0,45.0,,,3988.0,11.0,3992.0,15.0,3993.0,45.0,3986.5,853.375
0,54600,BERRIES,3986.0,12.0,3985.0,41.0,,,3993.0,12.0,3994.0,41.0,,,3989.5,711.5
0,54700,BERRIES,3986.0,17.0,3985.0,47.0,,,3993.0,17.0,3994.0,47.0,,,3989.5,741.25
0,54800,BERRIES,3986.0,13.0,3985.0,41.0,,,3993.0,13.0,3994.0,41.0,,,3989.5,664.375
0,54900,BERRIES,3985.0,11.0,3984.0,43.0,,,3992.0,11.0,3993.0,43.0,,,3988.5,813.625
0,55000,BERRIES,3985.0,13.0,3984.0,48.0,,,3992.0,13.0,3993.0,48.0,,,3988.5,847.375
0,55100,BERRIES,3986.0,18.0,3985.0,44.0,,,3993.0,18.0,3994.0,44.0,,,3989.5,690.9375
0,55200,BERRIES,3986.0,12.0,3985.0,42.0,,,3993.0,12.0,3994.0,42.0,,,3989.5,647.5
0,55300,BERRIES,3985.0,15.0,3984.0,42.0,,,3992.0,15.0,3993.0,42.0,,,3988.5,867.1875
0,55400,BERRIES,3985.0,19.0,3984.0,51.0,,,3992.0,19.0,3993.0,51.0,,,3988.5,869.625
0,55500,BERRIES,3985.0,15.0,3984.0,48.0,,,3992.0,15.0,3993.0,48.0,,,3988.5,898.375
0,55600,BERRIES,3984.0,16.0,3983.0,45.0,,,3991.0,16.0,3992.0,45.0,,,3987.5,1041.5
0,55700,BERRIES,3984.0,20.0,3983.0,45.0,,,3991.0,20.0,3992.0,45.0,,,3987.5,1254.25
0,55800,BERRIES,3983.0,16.0,3982.0,51.0,,,3990.0,16.0,3991.0,51.0,,,3986.5,1368.75
0,55900,BERRIES,3983.0,13.0,3982.0,42.0,,,3989.0,13.0,3990.0,42.0,,,3986.0,1497.5625
0,56000,BERRIES,3983.0,14.0,3982.0,44.0,,,3990.0,14.0,3991.0,44.0,,,3986.5,1409.6875
0,56100,BERRIES,3983.0,14.0,3982.0,59.0,,,3990.0,14.0,3991.0,59.0,,,3986.5,1338.25
0,56200,BERRIES,3984.0,16.0,3983.0,45.0,,,3990.0,16.0,3991.0,45.0,,,3987.0,1259.1875
0,56300,BERRIES,3984.0,20.0,3983.0,51.0,,,3991.0,20.0,3992.0,51.0,,,3987.5,1126.625
0,56400,BERRIES,3983.0,18.0,3982.0,56.0,,,3990.0,18.0,3991.0,56.0,,,3986.5,1390.375
0,56500,BERRIES,3983.0,16.0,3982.0,53.0,,,3990.0,16.0,3991.0,53.0,,,3986.5,1459.5
0,56600,BERRIES,3983.0,16.0,3982.0,45.0,,,3990.0,16.0,3991.0,45.0,,,3986.5,1415.25
0,56700,BERRIES,3983.0,15.0,3982.0,51.0,,,3990.0,15.0,3991.0,51.0,,,3986.5,1498.6875
0,56800,BERRIES,3982.0,14.0,3981.0,45.0,,,3989.0,14.0,3990.0,45.0,,,3985.5,1576.9375
0,56900,BERRIES,3982.0,14.0,3981.0,40.0,,,3989.0,14.0,3990.0,40.0,,,3985.5,1676.8125
0,57000,BERRIES,3982.0,12.0,3981.0,45.0,,,3989.0,12.0,3990.0,45.0,,,3985.5,1654.4375
0,57100,BERRIES,3982.0,18.0,3981.0,56.0,,,3989.0,18.0,3990.0,56.0,,,3985.5,1660.5
0,57200,BERRIES,3983.0,12.0,3982.0,49.0,,,3990.0,12.0,3991.0,49.0,,,3986.5,1503.625
0,57300,BERRIES,3983.0,11.0,3982.0,43.0,,,3990.0,11.0,3991.0,43.0,,,3986.5,1452.75
0,57400,BERRIES,3983.0,14.0,3982.0,59.0,,,3990.0,14.0,3991.0,59.0,,,3986.5,1424.625
0,57500,BERRIES,3983.0,10.0,3982.0,42.0,,,3990.0,10.0,3991.0,42.0,,,3986.5,1426.1875
0,57600,BERRIES,3983.0,16.0,3982.0,48.0,,,3990.0,16.0,3991.0,48.0,,,3986.5,1524.3125
0,57700,BERRIES,3983.0,15.0,3982.0,43.0,,,3990.0,15.0,3991.0,43.0,,,3986.5,1507.3125
0,57800,BERRIES,3983.0,12.0,3982.0,43.0,,,3990.0,12.0,3991.0,43.0,,,3986.5,1401.75
0,57900,BERRIES,3983.0,10.0,3982.0,56.0,,,3990.0,10.0,3991.0,56.0,,,3986.5,1325.5625
0,58000,BERRIES,3983.0,14.0,3982.0,58.0,,,3990.0,14.0,3991.0,58.0,,,3986.5,1461.0
0,58100,BERRIES,3982.0,19.0,3981.0,58.0,,,3989.0,19.0,3990.0,58.0,,,3985.5,1653.6875
0,58200,BERRIES,3986.0,1.0,3982.0,15.0,3981.0,60.0,3989.0,15.0,3990.0,60.0,,,3987.5,1562.3125
0,58300,BERRIES,3982.0,15.0,3981.0,52.0,,,3989.0,15.0,3990.0,52.0,,,3985.5,1536.1875
0,58400,BERRIES,3983.0,20.0,3982.0,45.0,,,3990.0,20.0,3991.0,45.0,,,3986.5,1497.0625
0,58500,BERRIES,3982.0,17.0,3981.0,43.0,,,3989.0,17.0,3990.0,43.0,,,3985.5,1605.3125
0,58600,BERRIES,3983.0,18.0,3982.0,55.0,,,3990.0,18.0,3991.0,55.0,,,3986.5,1507.625
0,58700,BERRIES,3983.0,16.0,3982.0,43.0,,,3990.0,16.0,3991.0,43.0,,,3986.5,1412.4375
0,58800,BERRIES,3983.0,10.0,3982.0,42.0,,,3990.0,10.0,3991.0,42.0,,,3986.5,1442.875
0,58900,BERRIES,3983.0,16.0,3982.0,60.0,,,3990.0,16.0,3991.0,60.0,,,3986.5,1366.625
0,59000,BERRIES,3983.0,11.0,3982.0,51.0,,,3990.0,11.0,3991.0,51.0,,,3986.5,1481.8125
0,59100,BERRIES,3983.0,10.0,3982.0,56.0,,,3990.0,10.0,3991.0,56.0,,,3986.5,1490.25
0,59200,BERRIES,3982.0,17.0,3981.0,56.0,,,3989.0,17.0,3990.0,56.0,,,3985.5,1745.1875
0,59300,BERRIES,3982.0,20.0,3981.0,56.0,,,3989.0,20.0,3990.0,56.0,,,3985.5,1779.25
0,59400,BERRIES,3983.0,11.0,3982.0,50.0,,,3990.0,11.0,3991.0,50.0,,,3986.5,1460.5625
0,59500,BERRIES,3983.0,17.0,3982.0,55.0,,,3990.0,17.0,3991.0,55.0,,,3986.5,1366.875
0,59600,BERRIES,3984.0,11.0,3983.0,40.0,,,3991.0,11.0,3992.0,40.0,,,3987.5,1142.25
0,59700,BERRIES,3984.0,15.0,3983.0,54.0,,,3991.0,15.0,3992.0,54.0,,,3987.5,1063.75
0,59800,BERRIES,3984.0,20.0,3983.0,50.0,,,3991.0,20.0,3992.0,50.0,,,3987.5,1028.3125
0,59900,BERRIES,3988.0,30.0,3985.0,11.0,3984.0,54.0,3992.0,11.0,3993.0,54.0,,,3990.0,994.8125
0,60000,BERRIES,3984.0,19.0,3983.0,51.0,,,3991.0,19.0,3992.0,51.0,,,3987.5,1040.75
0,60100,BERRIES,3985.0,19.0,3984.0,41.0,,,3992.0,19.0,3993.0,41.0,,,3988.5,941.125
0,60200,BERRIES,3984.0,20.0,3983.0,40.0,,,3991.0,20.0,3992.0,40.0,,,3987.5,1029.3125
0,60300,BERRIES,3985.0,19.0,3984.0,48.0,,,3991.0,19.0,3992.0,48.0,,,3988.0,1016.8125
0,60400,BERRIES,3986.0,15.0,3985.0,59.0,,,3993.0,15.0,3994.0,59.0,,,3989.5,590.0
0,60500,BERRIES,3986.0,13.0,3985.0,46.0,,,3989.0,4.0,3993.0,13.0,3994.0,46.0,3987.5,518.5
0,60600,BERRIES,3986.0,18.0,3985.0,57.0,,,3993.0,18.0,3994.0,57.0,,,3989.5,572.5625
0,60700,BERRIES,3987.0,11.0,3986.0,44.0,,,3994.0,11.0,3995.0,44.0,,,3990.5,428.1875
0,60800,BERRIES,3987.0,16.0,3986.0,59.0,,,3994.0,16.0,3995.0,59.0,,,3990.5,365.0625
0,60900,BERRIES,3987.0,16.0,3986.0,57.0,,,3994.0,16.0,3995.0,57.0,,,3990.5,391.625
0,61000,BERRIES,3986.0,13.0,3985.0,55.0,,,3993.0,13.0,3994.0,55.0,,,3989.5,527.8125
0,61100,BERRIES,3990.0,6.0,3986.0,11.0,3985.0,53.0,3993.0,11.0,3994.0,53.0,,,3991.5,541.5625
0,61200,BERRIES,3986.0,18.0,3985.0,54.0,,,3993.0,18.0,3994.0,54.0,,,3989.5,591.1875
0,61300,BERRIES,3986.0,17.0,3985.0,49.0,,,3993.0,17.0,3994.0,49.0,,,3989.5,577.4375
0,61400,BERRIES,3986.0,10.0,3985.0,47.0,,,3993.0,10.0,3994.0,47.0,,,3989.5,521.0
0,61500,BERRIES,3987.0,15.0,3986.0,54.0,,,3994.0,15.0,3995.0,54.0,,,3990.5,476.625
0,61600,BERRIES,3986.0,10.0,3985.0,41.0,,,3993.0,10.0,3994.0,41.0,,,3989.5,590.375
0,61700,BERRIES,3986.0,12.0,3985.0,59.0,,,3993.0,12.0,3994.0,59.0,,,3989.5,537.75
0,61800,BERRIES,3987.0,18.0,3986.0,58.0,,,3994.0,18.0,3995.0,58.0,,,3990.5,476.75
0,61900,BERRIES,3986.0,13.0,3985.0,53.0,,,3993.0,13.0,3994.0,53.0,,,3989.5,664.375
0,62000,BERRIES,3986.0,19.0,3985.0,46.0,,,3993.0,19.0,3994.0,46.0,,,3989.5,614.5
0,62100,BERRIES,3986.0,20.0,3985.0,48.0,,,3993.0,20.0,3994.0,48.0,,,3989.5,619.375
0,62200,BERRIES,3986.0,19.0,3985.0,55.0,,,3993.0,19.0,3994.0,55.0,,,3989.5,563.125
0,62300,BERRIES,3986.0,15.0,3985.0,50.0,,,3993.0,15.0,3994.0,50.0,,,3989.5,702.5
0,62400,BERRIES,3986.0,18.0,3985.0,58.0,,,3993.0,18.0,3994.0,58.0,,,3989.5,727.875
0,62500,BERRIES,3986.0,20.0,3985.0,41.0,,,3993.0,20.0,3994.0,41.0,,,3989.5,755.75
0,62600,BERRIES,3985.0,10.0,3984.0,59.0,,,3992.0,10.0,3993.0,59.0,,,3988.5,918.25
0,62700,BERRIES,3985.0,14.0,3984.0,49.0,,,3992.0,14.0,3993.0,49.0,,,3988.5,845.75
0,62800,BERRIES,3985.0,13.0,3984.0,49.0,,,3992.0,13.0,3993.0,49.0,,,3988.5,882.625
0,62900,BERRIES,3985.0,13.0,3984.0,55.0,,,3992.0,13.0,3993.0,55.0,,,3988.5,827.25
0,63000,BERRIES,3985.0,18.0,3984.0,46.0,,,3992.0,18.0,3993.0,46.0,,,3988.5,959.125
0,63100,BERRIES,3984.0,19.0,3983.0,59.0,,,3991.0,19.0,3992.0,59.0,,,3987.5,1144.375
0,63200,BERRIES,3984.0,15.0,3983.0,55.0,,,3991.0,15.0,3992.0,55.0,,,3987.5,1239.625
0,63300,BERRIES,3982.0,18.0,3981.0,48.0,,,3989.0,18.0,3990.0,48.0,,,3985.5,1551.0
0,63400,BERRIES,3982.0,10.0,3981.0,57.0,,,3989.0,10.0,3990.0,57.0,,,3985.5,1659.75
0,63500,BERRIES,3982.0,12.0,3981.0,56.0,,,3989.0,12.0,3990.0,56.0,,,3985.5,1600.125
0,63600,BERRIES,3983.0,16.0,3982.0,50.0,,,3990.0,16.0,3991.0,50.0,,,3986.5,1387.125
0,63700,BERRIES,3984.0,16.0,3983.0,43.0,,,3991.0,16.0,3992.0,43.0,,,3987.5,1213.5
0,63800,BERRIES,3984.0,14.0,3983.0,53.0,,,3991.0,14.0,3992.0,53.0,,,3987.5,1018.375
0,63900,BERRIES,3985.0,13.0,3984.0,51.0,,,3992.0,13.0,3993.0,51.0,,,3988.5,823.875
0,64000,BERRIES,3986.0,17.0,3985.0,41.0,,,3993.0,17.0,3994.0,41.0,,,3989.5,506.5
0,64100,BERRIES,3986.0,11.0,3985.0,54.0,,,3993.0,11.0,3994.0,54.0,,,3989.5,471.5
0,64200,BERRIES,3987.0,11.0,3986.0,60.0,,,3994.0,11.0,3995.0,60.0,,,3990.5,327.0
0,64300,BERRIES,3987.0,19.0,3986.0,50.0,,,3994.0,19.0,3995.0,50.0,,,3990.5,225.0
0,64400,BERRIES,3986.0,16.0,3985.0,54.0,,,3993.0,16.0,3994.0,54.0,,,3989.5,593.125
0,64500,BERRIES,3986.0,11.0,3985.0,46.0,,,3989.0,5.0,3993.0,11.0,3994.0,46.0,3987.5,562.125
0,64600,BERRIES,3986.0,19.0,3985.0,46.0,,,3993.0,19.0,3994.0,46.0,,,3989.5,545.625
0,64700,BERRIES,3990.0,3.0,3986.0,11.0,3985.0,54.0,3993.0,11.0,3994.0,54.0,,,3991.5,481.875
0,64800,BERRIES,3986.0,10.0,3985.0,56.0,,,3993.0,10.0,3994.0,56.0,,,3989.5,549.125
0,64900,BERRIES,3986.0,15.0,3985.0,59.0,,,3993.0,15.0,3994.0,59.0,,,3989.5,649.25
0,65000,BERRIES,3985.0,16.0,3984.0,47.0,,,3988.0,2.0,3992.0,16.0,3993.0,47.0,3986.5,716.875
0,65100,BERRIES,3986.0,19.0,3985.0,57.0,,,3993.0,19.0,3994.0,57.0,,,3989.5,602.5
0,65200,BERRIES,3986.0,12.0,3985.0,49.0,,,3993.0,12.0,3994.0,49.0,,,3989.5,527.75
0,65300,BERRIES,3987.0,19.0,3986.0,56.0,,,3989.0,14.0,3994.0,19.0,3995.0,56.0,3988.0,304.0
0,65400,BERRIES,3986.0,17.0,3985.0,45.0,,,3993.0,17.0,3994.0,45.0,,,3989.5,482.375
0,65500,BERRIES,3987.0,18.0,3986.0,55.0,,,3994.0,18.0,3995.0,55.0,,,3990.5,310.75
0,65600,BERRIES,3988.0,18.0,3987.0,60.0,,,3995.0,18.0,3996.0,60.0,,,3991.5,25.25
0,65700,BERRIES,3987.0,12.0,3986.0,47.0,,,3994.0,12.0,3995.0,47.0,,,3990.5,152.125
0,65800,BERRIES,3987.0,10.0,3986.0,48.0,,,3994.0,10.0,3995.0,48.0,,,3990.5,87.625
0,65900,BERRIES,3987.0,11.0,3986.0,42.0,,,3994.0,11.0,3995.0,42.0,,,3990.5,325.5
0,66000,BERRIES,3985.0,19.0,3984.0,41.0,,,3992.0,19.0,3993.0,41.0,,,3988.5,800.25
0,66100,BERRIES,3985.0,12.0,3984.0,58.0,,,3991.0,12.0,3992.0,58.0,,,3988.0,1013.0
0,66200,BERRIES,3985.0,20.0,3984.0,54.0,,,3992.0,20.0,3993.0,54.0,,,3988.5,1005.625
0,66300,BERRIES,3985.0,18.0,3984.0,52.0,,,3992.0,18.0,3993.0,52.0,,,3988.5,971.125
0,66400,BERRIES,3984.0,16.0,3983.0,59.0,,,3991.0,16.0,3992.0,59.0,,,3987.5,1032.875
0,66500,BERRIES,3985.0,14.0,3984.0,52.0,,,3992.0,14.0,3993.0,52.0,,,3988.5,931.125
0,66600,BERRIES,3985.0,16.0,3984.0,40.0,,,3992.0,16.0,3993.0,40.0,,,3988.5,875.25
0,66700,BERRIES,3986.0,10.0,3985.0,44.0,,,3993.0,10.0,3994.0,44.0,,,3989.5,504.125
0,66800,BERRIES,3985.0,10.0,3984.0,52.0,,,3992.0,10.0,3993.0,52.0,,,3988.5,742.0
0,66900,BERRIES,3985.0,19.0,3984.0,53.0,,,3992.0,19.0,3993.0,53.0,,,3988.5,890.875
0,67000,BERRIES,3984.0,10.0,3983.0,60.0,,,3991.0,10.0,3992.0,60.0,,,3987.5,991.625
0,67100,BERRIES,3984.0,12.0,3983.0,45.0,,,3991.0,12.0,3992.0,45.0,,,3987.5,1136.375
0,67200,BERRIES,3984.0,11.0,3983.0,58.0,,,3991.0,11.0,3992.0,58.0,,,3987.5,1220.5
0,67300,BERRIES,3985.0,17.0,3984.0,58.0,,,3992.0,17.0,3993.0,58.0,,,3988.5,810.625
0,67400,BERRIES,3985.0,13.0,3984.0,51.0,,,3992.0,13.0,3993.0,51.0,,,3988.5,875.0
0,67500,BERRIES,3985.0,20.0,3984.0,54.0,,,3992.0,20.0,3993.0,54.0,,,3988.5,763.875
0,67600,BERRIES,3988.0,9.0,3984.0,11.0,3983.0,51.0,3991.0,11.0,3992.0,51.0,,,3989.5,1012.375
0,67700,BERRIES,3984.0,13.0,3983.0,57.0,,,3991.0,13.0,3992.0,57.0,,,3987.5,1135.875
0,67800,BERRIES,3985.0,12.0,3984.0,47.0,,,3992.0,12.0,3993.0,47.0,,,3988.5,989.75
0,67900,BERRIES,3985.0,19.0,3984.0,57.0,,,3992.0,19.0,3993.0,57.0,,,3988.5,818.5
0,68000,BERRIES,3984.0,15.0,3983.0,43.0,,,3991.0,15.0,3992.0,43.0,,,3987.5,1100.375
0,68100,BERRIES,3985.0,14.0,3984.0,55.0,,,3992.0,14.0,3993.0,55.0,,,3988.5,736.75
0,68200,BERRIES,3986.0,19.0,3985.0,56.0,,,3992.0,19.0,3993.0,56.0,,,3989.0,664.0
0,68300,BERRIES,3985.0,20.0,3984.0,41.0,,,3992.0,20.0,3993.0,41.0,,,3988.5,798.875
0,68400,BERRIES,3985.0,10.0,3984.0,40.0,,,3992.0,10.0,3993.0,40.0,,,3988.5,718.0
0,68500,BERRIES,3985.0,11.0,3984.0,56.0,,,3992.0,11.0,3993.0,56.0,,,3988.5,830.375
0,68600,BERRIES,3988.0,1.0,3984.0,19.0,3983.0,41.0,3991.0,19.0,3992.0,41.0,,,3989.5,1043.875
0,68700,BERRIES,3984.0,14.0,3983.0,43.0,,,3991.0,14.0,3992.0,43.0,,,3987.5,1010.25
0,68800,BERRIES,3985.0,14.0,3984.0,41.0,,,3992.0,14.0,3993.0,41.0,,,3988.5,859.5
0,68900,BERRIES,3985.0,15.0,3984.0,60.0,,,3992.0,15.0,3993.0,60.0,,,3988.5,664.125
0,69000,BERRIES,3984.0,20.0,3983.0,41.0,,,3991.0,20.0,3992.0,41.0,,,3987.5,969.5
0,69100,BERRIES,3984.0,12.0,3983.0,55.0,,,3991.0,12.0,3992.0,55.0,,,3987.5,1106.75
0,69200,BERRIES,3984.0,11.0,3983.0,40.0,,,3991.0,11.0,3992.0,40.0,,,3987.5,1144.5
0,69300,BERRIES,3984.0,11.0,3983.0,55.0,,,3991.0,11.0,3992.0,55.0,,,3987.5,946.5
0,69400,BERRIES,3985.0,19.0,3984.0,55.0,,,3992.0,19.0,3993.0,55.0,,,3988.5,700.625
0,69500,BERRIES,3985.0,14.0,3984.0,59.0,,,3992.0,14.0,3993.0,59.0,,,3988.5,770.875
0,69600,BERRIES,3984.0,10.0,3983.0,58.0,,,3991.0,10.0,3992.0,58.0,,,3987.5,1002.625
0,69700,BERRIES,3985.0,20.0,3984.0,40.0,,,3992.0,20.0,3993.0,40.0,,,3988.5,896.0
0,69800,BERRIES,3984.0,15.0,3983.0,40.0,,,3991.0,15.0,3992.0,40.0,,,3987.5,992.5
0,69900,BERRIES,3984.0,18.0,3983.0,42.0,,,3991.0,18.0,3992.0,42.0,,,3987.5,912.25
0,70000,BERRIES,3985.0,18.0,3984.0,47.0,,,3992.0,18.0,3993.0,47.0,,,3988.5,712.0
0,70100,BERRIES,3985.0,18.0,3984.0,49.0,,,3992.0,18.0,3993.0,49.0,,,3988.5,595.5
0,70200,BERRIES,3988.0,3.0,3985.0,12.0,3984.0,59.0,3992.0,12.0,3993.0,59.0,,,3990.0,788.75
0,70300,BERRIES,3984.0,20.0,3983.0,47.0,,,3991.0,20.0,3992.0,47.0,,,3987.5,1024.875
0,70400,BERRIES,3983.0,17.0,3982.0,41.0,,,3990.0,17.0,3991.0,41.0,,,3986.5,1312.625
0,70500,BERRIES,3984.0,14.0,3983.0,51.0,,,3991.0,14.0,3992.0,51.0,,,3987.5,1170.75
0,70600,BERRIES,3984.0,11.0,3983.0,58.0,,,3991.0,11.0,3992.0,58.0,,,3987.5,954.875
0,70700,BERRIES,3984.0,10.0,3983.0,41.0,,,3991.0,10.0,3992.0,41.0,,,3987.5,1154.5
0,70800,BERRIES,3984.0,15.0,3983.0,52.0,,,3991.0,15.0,3992.0,52.0,,,3987.5,1259.25
0,70900,BERRIES,3983.0,13.0,3982.0,49.0,,,3990.0,13.0,3991.0,49.0,,,3986.5,1442.625
0,71000,BERRIES,3983.0,20.0,3982.0,59.0,,,3990.0,20.0,3991.0,59.0,,,3986.5,1473.875
0,71100,BERRIES,3982.0,12.0,3981.0,58.0,,,3989.0,12.0,3990.0,58.0,,,3985.5,1642.0
0,71200,BERRIES,3982.0,10.0,3981.0,56.0,,,3989.0,10.0,3990.0,56.0,,,3985.5,1810.875
0,71300,BERRIES,3983.0,12.0,3982.0,49.0,,,3990.0,12.0,3991.0,49.0,,,3986.5,1576.375
0,71400,BERRIES,3983.0,18.0,3982.0,48.0,,,3990.0,18.0,3991.0,48.0,,,3986.5,1406.625
0,71500,BERRIES,3983.0,18.0,3982.0,45.0,,,3990.0,18.0,3991.0,45.0,,,3986.5,1407.375
0,71600,BERRIES,3984.0,11.0,3983.0,46.0,,,3991.0,11.0,3992.0,46.0,,,3987.5,1196.5
0,71700,BERRIES,3983.0,17.0,3982.0,42.0,,,3990.0,17.0,3991.0,42.0,,,3986.5,1318.25
0,71800,BERRIES,3984.0,12.0,3983.0,57.0,,,3991.0,12.0,3992.0,57.0,,,3987.5,1237.125
0,71900,BERRIES,3983.0,20.0,3982.0,40.0,,,3990.0,20.0,3991.0,40.0,,,3986.5,1478.375
0,72000,BERRIES,3986.0,7.0,3983.0,13.0,3982.0,40.0,3990.0,13.0,3991.0,40.0,,,3988.0,1636.0
0,72100,BERRIES,3983.0,11.0,3982.0,44.0,,,3990.0,11.0,3991.0,44.0,,,3986.5,1453.625
0,72200,BERRIES,3982.0,16.0,3981.0,52.0,,,3989.0,16.0,3990.0,52.0,,,3985.5,1702.125
0,72300,BERRIES,3982.0,19.0,3981.0,47.0,,,3989.0,19.0,3990.0,47.0,,,3985.5,1795.875
0,72400,BERRIES,3982.0,19.0,3981.0,42.0,,,3989.0,19.0,3990.0,42.0,,,3985.5,2039.375
0,72500,BERRIES,3981.0,15.0,3980.0,55.0,,,3988.0,15.0,3989.0,55.0,,,3984.5,2299.75
0,72600,BERRIES,3981.0,18.0,3980.0,49.0,,,3988.0,18.0,3989.0,49.0,,,3984.5,2312.25
0,72700,BERRIES,3981.0,12.0,3980.0,60.0,,,3988.0,12.0,3989.0,60.0,,,3984.5,2315.625
0,72800,BERRIES,3980.0,14.0,3979.0,52.0,,,3987.0,14.0,3988.0,52.0,,,3983.5,2630.75
0,72900,BERRIES,3981.0,16.0,3980.0,56.0,,,3988.0,16.0,3989.0,56.0,,,3984.5,2222.0
0,73000,BERRIES,3982.0,20.0,3981.0,44.0,,,3984.0,1.0,3989.0,20.0,3990.0,44.0,3983.0,1939.875
0,73100,BERRIES,3981.0,14.0,3980.0,51.0,,,3988.0,14.0,3989.0,51.0,,,3984.5,2138.625
0,73200,BERRIES,3981.0,20.0,3980.0,40.0,,,3988.0,20.0,3989.0,40.0,,,3984.5,2077.875
0,73300,BERRIES,3982.0,13.0,3981.0,44.0,,,3988.0,13.0,3989.0,44.0,,,3985.0,2068.25
0,73400,BERRIES,3981.0,19.0,3980.0,47.0,,,3988.0,19.0,3989.0,47.0,,,3984.5,2214.5
0,73500,BERRIES,3980.0,15.0,3979.0,42.0,,,3987.0,15.0,3988.0,42.0,,,3983.5,2491.125
0,73600,BERRIES,3980.0,10.0,3979.0,57.0,,,3987.0,10.0,3988.0,57.0,,,3983.5,2510.625
0,73700,BERRIES,3980.0,19.0,3979.0,44.0,,,3987.0,19.0,3988.0,44.0,,,3983.5,2568.375
0,73800,BERRIES,3984.0,5.0,3981.0,20.0,3980.0,47.0,3988.0,20.0,3989.0,47.0,,,3986.0,2312.0
0,73900,BERRIES,3981.0,18.0,3980.0,58.0,,,3988.0,18.0,3989.0,58.0,,,3984.5,2302.5
0,74000,BERRIES,3980.0,15.0,3979.0,46.0,,,3987.0,15.0,3988.0,46.0,,,3983.5,2529.875
0,74100,BERRIES,3980.0,14.0,3979.0,56.0,,,3987.0,14.0,3988.0,56.0,,,3983.5,2691.375
0,74200,BERRIES,3980.0,10.0,3979.0,40.0,,,3987.0,10.0,3988.0,40.0,,,3983.5,2718.375
0,74300,BERRIES,3984.0,5.0,3980.0,13.0,3979.0,41.0,3987.0,13.0,3988.0,41.0,,,3985.5,2544.875
0,74400,BERRIES,3979.0,10.0,3978.0,44.0,,,3986.0,10.0,3987.0,44.0,,,3982.5,2803.625
0,74500,BERRIES,3980.0,17.0,3979.0,45.0,,,3987.0,17.0,3988.0,45.0,,,3983.5,2773.75
0,74600,BERRIES,3980.0,11.0,3979.0,44.0,,,3987.0,11.0,3988.0,44.0,,,3983.5,2531.375
0,74700,BERRIES,3979.0,16.0,3978.0,59.0,,,3986.0,16.0,3987.0,59.0,,,3982.5,2845.125
0,74800,BERRIES,3980.0,15.0,3979.0,55.0,,,3987.0,15.0,3988.0,55.0,,,3983.5,2579.125
0,74900,BERRIES,3980.0,17.0,3979.0,50.0,,,3987.0,17.0,3988.0,50.0,,,3983.5,2710.625
0,75000,BERRIES,3980.0,12.0,3979.0,57.0,,,3987.0,12.0,3988.0,57.0,,,3983.5,2741.125
0,75100,BERRIES,3979.0,10.0,3978.0,44.0,,,3982.0,4.0,3986.0,10.0,3987.0,44.0,3980.5,2867.875
0,75200,BERRIES,3979.0,20.0,3978.0,60.0,,,3986.0,20.0,3987.0,60.0,,,3982.5,2812.25
0,75300,BERRIES,3980.0,17.0,3979.0,59.0,,,3987.0,17.0,3988.0,59.0,,,3983.5,2729.5
0,75400,BERRIES,3980.0,19.0,3979.0,47.0,,,3987.0,19.0,3988.0,47.0,,,3983.5,2640.125
0,75500,BERRIES,3981.0,15.0,3980.0,55.0,,,3988.0,15.0,3989.0,55.0,,,3984.5,2092.0
0,75600,BERRIES,3980.0,19.0,3979.0,57.0,,,3987.0,19.0,3988.0,57.0,,,3983.5,2610.375
0,75700,BERRIES,3980.0,10.0,3979.0,58.0,,,3987.0,10.0,3988.0,58.0,,,3983.5,2729.25
0,75800,BERRIES,3982.0,4.0,3979.0,18.0,3978.0,60.0,3986.0,18.0,3987.0,60.0,,,3984.0,3011.625
0,75900,BERRIES,3979.0,11.0,3978.0,41.0,,,3986.0,11.0,3987.0,41.0,,,3982.5,3070.625
0,76000,BERRIES,3978.0,20.0,3977.0,56.0,,,3985.0,20.0,3986.0,56.0,,,3981.5,3229.25
0,76100,BERRIES,3978.0,18.0,3977.0,56.0,,,3985.0,18.0,3986.0,56.0,,,3981.5,3297.25
0,76200,BERRIES,3978.0,17.0,3977.0,50.0,,,3985.0,17.0,3986.0,50.0,,,3981.5,3318.25
0,76300,BERRIES,3978.0,19.0,3977.0,50.0,,,3985.0,19.0,3986.0,50.0,,,3981.5,3452.375
0,76400,BERRIES,3978.0,17.0,3977.0,52.0,,,3985.0,17.0,3986.0,52.0,,,3981.5,3280.0
0,76500,BERRIES,3981.0,2.0,3977.0,11.0,3976.0,55.0,3984.0,11.0,3985.0,55.0,,,3982.5,3590.875
0,76600,BERRIES,3977.0,16.0,3976.0,47.0,,,3984.0,16.0,3985.0,47.0,,,3980.5,3710.875
0,76700,BERRIES,3977.0,14.0,3976.0,60.0,,,3984.0,14.0,3985.0,60.0,,,3980.5,3718.875
0,76800,BERRIES,3978.0,14.0,3977.0,54.0,,,3985.0,14.0,3986.0,54.0,,,3981.5,3456.375
0,76900,BERRIES,3977.0,13.0,3976.0,51.0,,,3984.0,13.0,3985.0,51.0,,,3980.5,3738.625
0,77000,BERRIES,3976.0,10.0,3975.0,44.0,,,3983.0,10.0,3984.0,44.0,,,3979.5,3999.375
0,77100,BERRIES,3977.0,18.0,3976.0,51.0,,,3984.0,18.0,3985.0,51.0,,,3980.5,3905.375
0,77200,BERRIES,3977.0,20.0,3976.0,42.0,,,3984.0,20.0,3985.0,42.0,,,3980.5,3900.75
0,77300,BERRIES,3976.0,13.0,3975.0,59.0,,,3983.0,13.0,3984.0,59.0,,,3979.5,4199.625
0,77400,BERRIES,3976.0,19.0,3975.0,47.0,,,3983.0,19.0,3984.0,47.0,,,3979.5,3927.625
0,77500,BERRIES,3977.0,12.0,3976.0,51.0,,,3983.0,12.0,3984.0,51.0,,,3980.0,3884.625
0,77600,BERRIES,3976.0,10.0,3975.0,41.0,,,3983.0,10.0,3984.0,41.0,,,3979.5,3963.25
0,77700,BERRIES,3976.0,14.0,3975.0,55.0,,,3979.0,7.0,3983.0,14.0,3984.0,55.0,3977.5,4042.125
0,77800,BERRIES,3976.0,15.0,3975.0,60.0,,,3983.0,15.0,3984.0,60.0,,,3979.5,4031.0
0,77900,BERRIES,3976.0,10.0,3975.0,44.0,,,3983.0,10.0,3984.0,44.0,,,3979.5,4115.875
0,78000,BERRIES,3976.0,18.0,3975.0,59.0,,,3983.0,18.0,3984.0,59.0,,,3979.5,4057.5
0,78100,BERRIES,3976.0,10.0,3975.0,44.0,,,3983.0,10.0,3984.0,44.0,,,3979.5,3997.875
0,78200,BERRIES,3976.0,18.0,3975.0,45.0,,,3978.0,5.0,3983.0,18.0,3984.0,45.0,3977.0,4232.875
0,78300,BERRIES,3975.0,13.0,3974.0,41.0,,,3982.0,13.0,3983.0,41.0,,,3978.5,4564.0
0,78400,BERRIES,3976.0,14.0,3975.0,58.0,,,3983.0,14.0,3984.0,58.0,,,3979.5,4243.875
0,78500,BERRIES,3975.0,12.0,3974.0,53.0,,,3982.0,12.0,3983.0,53.0,,,3978.5,4362.25
0,78600,BERRIES,3976.0,19.0,3975.0,48.0,,,3983.0,19.0,3984.0,48.0,,,3979.5,4014.875
0,78700,BERRIES,3976.0,11.0,3975.0,48.0,,,3983.0,11.0,3984.0,48.0,,,3979.5,3991.75
0,78800,BERRIES,3975.0,11.0,3974.0,41.0,,,3982.0,11.0,3983.0,41.0,,,3978.5,4548.75
0,78900,BERRIES,3975.0,12.0,3974.0,51.0,,,3982.0,12.0,3983.0,51.0,,,3978.5,4499.375
0,79000,BERRIES,3975.0,19.0,3974.0,43.0,,,3981.0,19.0,3982.0,43.0,,,3978.0,4725.75
0,79100,BERRIES,3973.0,11.0,3972.0,40.0,,,3980.0,11.0,3981.0,40.0,,,3976.5,5206.375
0,79200,BERRIES,3977.0,4.0,3973.0,19.0,3972.0,60.0,3980.0,19.0,3981.0,60.0,,,3978.5,5217.0
0,79300,BERRIES,3973.0,12.0,3972.0,59.0,,,3980.0,12.0,3981.0,59.0,,,3976.5,5460.875
0,79400,BERRIES,3973.0,18.0,3972.0,56.0,,,3980.0,18.0,3981.0,56.0,,,3976.5,5515.125
0,79500,BERRIES,3973.0,13.0,3972.0,60.0,,,3980.0,13.0,3981.0,60.0,,,3976.5,5284.375
0,79600,BERRIES,3974.0,16.0,3973.0,48.0,,,3980.0,16.0,3981.0,48.0,,,3977.0,5130.0
0,79700,BERRIES,3974.0,20.0,3973.0,41.0,,,3980.0,20.0,3981.0,41.0,,,3977.0,5129.375
0,79800,BERRIES,3974.0,16.0,3973.0,60.0,,,3981.0,16.0,3982.0,60.0,,,3977.5,5123.0
0,79900,BERRIES,3974.0,12.0,3973.0,48.0,,,3981.0,12.0,3982.0,48.0,,,3977.5,5116.375
0,80000,BERRIES,3973.0,20.0,3972.0,60.0,,,3980.0,20.0,3981.0,60.0,,,3976.5,5268.25
0,80100,BERRIES,3973.0,11.0,3972.0,40.0,,,3980.0,11.0,3981.0,40.0,,,3976.5,5493.5
0,80200,BERRIES,3972.0,17.0,3971.0,41.0,,,3979.0,17.0,3980.0,41.0,,,3975.5,5603.0
0,80300,BERRIES,3972.0,17.0,3971.0,48.0,,,3979.0,17.0,3980.0,48.0,,,3975.5,5589.0
0,80400,BERRIES,3972.0,11.0,3971.0,43.0,,,3979.0,11.0,3980.0,43.0,,,3975.5,5813.0
0,80500,BERRIES,3972.0,12.0,3971.0,40.0,,,3979.0,12.0,3980.0,40.0,,,3975.5,5884.0
0,80600,BERRIES,3972.0,20.0,3971.0,51.0,,,3979.0,20.0,3980.0,51.0,,,3975.5,5899.75
0,80700,BERRIES,3971.0,14.0,3970.0,41.0,,,3978.0,14.0,3979.0,41.0,,,3974.5,6120.625
0,80800,BERRIES,3972.0,11.0,3971.0,51.0,,,3979.0,11.0,3980.0,51.0,,,3975.5,5915.5
0,80900,BERRIES,3972.0,13.0,3971.0,44.0,,,3979.0,13.0,3980.0,44.0,,,3975.5,5660.5
0,81000,BERRIES,3972.0,15.0,3971.0,49.0,,,3979.0,15.0,3980.0,49.0,,,3975.5,5641.375
0,81100,BERRIES,3972.0,14.0,3971.0,50.0,,,3979.0,14.0,3980.0,50.0,,,3975.5,5865.5
0,81200,BERRIES,3971.0,11.0,3970.0,42.0,,,3978.0,11.0,3979.0,42.0,,,3974.5,6305.375
0,81300,BERRIES,3969.0,13.0,3968.0,52.0,,,3976.0,13.0,3977.0,52.0,,,3972.5,6867.0
0,81400,BERRIES,3970.0,19.0,3969.0,46.0,,,3977.0,19.0,3978.0,46.0,,,3973.5,6637.5
0,81500,BERRIES,3970.0,14.0,3969.0,55.0,,,3973.0,1.0,3977.0,14.0,3978.0,55.0,3971.5,6614.875
0,81600,BERRIES,3970.0,15.0,3969.0,52.0,,,3977.0,15.0,3978.0,52.0,,,3973.5,6764.125
0,81700,BERRIES,3969.0,18.0,3968.0,50.0,,,3976.0,18.0,3977.0,50.0,,,3972.5,7106.5
0,81800,BERRIES,3969.0,17.0,3968.0,59.0,,,3976.0,17.0,3977.0,59.0,,,3972.5,7166.25
0,81900,BERRIES,3973.0,21.0,3969.0,20.0,3968.0,47.0,3976.0,20.0,3977.0,47.0,,,3974.5,6987.875
0,82000,BERRIES,3969.0,18.0,3968.0,50.0,,,3976.0,18.0,3977.0,50.0,,,3972.5,6942.625
0,82100,BERRIES,3969.0,12.0,3968.0,51.0,,,3976.0,12.0,3977.0,51.0,,,3972.5,7188.625
0,82200,BERRIES,3970.0,15.0,3969.0,43.0,,,3973.0,5.0,3977.0,15.0,3978.0,43.0,3971.5,6561.75
0,82300,BERRIES,3970.0,19.0,3969.0,41.0,,,3977.0,19.0,3978.0,41.0,,,3973.5,6469.875
0,82400,BERRIES,3970.0,17.0,3969.0,56.0,,,3977.0,17.0,3978.0,56.0,,,3973.5,6763.625
0,82500,BERRIES,3970.0,15.0,3969.0,40.0,,,3977.0,15.0,3978.0,40.0,,,3973.5,6702.25
0,82600,BERRIES,3970.0,12.0,3969.0,57.0,,,3977.0,12.0,3978.0,57.0,,,3973.5,6636.375
0,82700,BERRIES,3970.0,20.0,3969.0,48.0,,,3977.0,20.0,3978.0,48.0,,,3973.5,6499.875
0,82800,BERRIES,3970.0,13.0,3969.0,48.0,,,3977.0,13.0,3978.0,48.0,,,3973.5,6441.375
0,82900,BERRIES,3970.0,17.0,3969.0,45.0,,,3977.0,17.0,3978.0,45.0,,,3973.5,6727.75
0,83000,BERRIES,3970.0,13.0,3969.0,53.0,,,3977.0,13.0,3978.0,53.0,,,3973.5,6664.625
0,83100,BERRIES,3969.0,20.0,3968.0,41.0,,,3976.0,20.0,3977.0,41.0,,,3972.5,6857.25
0,83200,BERRIES,3969.0,12.0,3968.0,45.0,,,3976.0,12.0,3977.0,45.0,,,3972.5,6847.125
0,83300,BERRIES,3969.0,16.0,3968.0,47.0,,,3972.0,1.0,3976.0,16.0,3977.0,47.0,3970.5,6875.625
0,83400,BERRIES,3970.0,14.0,3969.0,40.0,,,3972.0,3.0,3977.0,14.0,3978.0,40.0,3971.0,6748.875
0,83500,BERRIES,3970.0,16.0,3969.0,52.0,,,3977.0,16.0,3978.0,52.0,,,3973.5,6716.625
0,83600,BERRIES,3970.0,11.0,3969.0,60.0,,,3977.0,11.0,3978.0,60.0,,,3973.5,6803.625
0,83700,BERRIES,3971.0,14.0,3970.0,54.0,,,3978.0,14.0,3979.0,54.0,,,3974.5,6279.75
0,83800,BERRIES,3971.0,12.0,3970.0,48.0,,,3978.0,12.0,3979.0,48.0,,,3974.5,6369.625
0,83900,BERRIES,3970.0,12.0,3969.0,48.0,,,3977.0,12.0,3978.0,48.0,,,3973.5,6465.5
0,84000,BERRIES,3971.0,11.0,3970.0,51.0,,,3978.0,11.0,3979.0,51.0,,,3974.5,6380.0
0,84100,BERRIES,3971.0,17.0,3970.0,50.0,,,3978.0,17.0,3979.0,50.0,,,3974.5,6287.375
0,84200,BERRIES,3971.0,14.0,3970.0,45.0,,,3978.0,14.0,3979.0,45.0,,,3974.5,6084.625
0,84300,BERRIES,3971.0,18.0,3970.0,43.0,,,3973.0,3.0,3978.0,18.0,3979.0,43.0,3972.0,6419.25
0,84400,BERRIES,3970.0,15.0,3969.0,50.0,,,3977.0,15.0,3978.0,50.0,,,3973.5,6557.375
0,84500,BERRIES,3971.0,15.0,3970.0,46.0,,,3978.0,15.0,3979.0,46.0,,,3974.5,6328.375
0,84600,BERRIES,3971.0,16.0,3970.0,43.0,,,3978.0,16.0,3979.0,43.0,,,3974.5,6283.0
0,84700,BERRIES,3971.0,18.0,3970.0,40.0,,,3978.0,18.0,3979.0,40.0,,,3974.5,6233.875
0,84800,BERRIES,3970.0,13.0,3969.0,53.0,,,3977.0,13.0,3978.0,53.0,,,3973.5,6563.125
0,84900,BERRIES,3969.0,12.0,3968.0,57.0,,,3976.0,12.0,3977.0,57.0,,,3972.5,6895.375
0,85000,BERRIES,3969.0,14.0,3968.0,43.0,,,3976.0,14.0,3977.0,43.0,,,3972.5,7094.375
0,85100,BERRIES,3969.0,11.0,3968.0,58.0,,,3976.0,11.0,3977.0,58.0,,,3972.5,7061.25
0,85200,BERRIES,3969.0,15.0,3968.0,50.0,,,3976.0,15.0,3977.0,50.0,,,3972.5,6905.5
0,85300,BERRIES,3970.0,15.0,3969.0,45.0,,,3977.0,15.0,3978.0,45.0,,,3973.5,6724.875
0,85400,BERRIES,3972.0,18.0,3969.0,17.0,3968.0,56.0,3976.0,17.0,3977.0,56.0,,,3974.0,7158.875
0,85500,BERRIES,3969.0,17.0,3968.0,43.0,,,3976.0,17.0,3977.0,43.0,,,3972.5,7217.5
0,85600,BERRIES,3969.0,19.0,3968.0,54.0,,,3976.0,19.0,3977.0,54.0,,,3972.5,7218.5
0,85700,BERRIES,3969.0,15.0,3968.0,40.0,,,3975.0,15.0,3976.0,40.0,,,3972.0,7329.25
0,85800,BERRIES,3968.0,15.0,3967.0,52.0,,,3975.0,15.0,3976.0,52.0,,,3971.5,7435.875
0,85900,BERRIES,3968.0,12.0,3967.0,43.0,,,3975.0,12.0,3976.0,43.0,,,3971.5,7694.125
0,86000,BERRIES,3967.0,13.0,3966.0,58.0,,,3974.0,13.0,3975.0,58.0,,,3970.5,7794.0
0,86100,BERRIES,3966.0,17.0,3965.0,55.0,,,3973.0,17.0,3974.0,55.0,,,3969.5,8343.875
0,86200,BERRIES,3967.0,10.0,3966.0,45.0,,,3974.0,10.0,3975.0,45.0,,,3970.5,8077.125
0,86300,BERRIES,3967.0,19.0,3966.0,49.0,,,3974.0,19.0,3975.0,49.0,,,3970.5,8052.5
0,86400,BERRIES,3968.0,12.0,3967.0,46.0,,,3975.0,12.0,3976.0,46.0,,,3971.5,7742.75
0,86500,BERRIES,3967.0,10.0,3966.0,58.0,,,3974.0,10.0,3975.0,58.0,,,3970.5,7946.125
0,86600,BERRIES,3966.0,13.0,3965.0,54.0,,,3973.0,13.0,3974.0,54.0,,,3969.5,8353.375
0,86700,BERRIES,3967.0,15.0,3966.0,44.0,,,3974.0,15.0,3975.0,44.0,,,3970.5,7971.375
0,86800,BERRIES,3966.0,11.0,3965.0,55.0,,,3973.0,11.0,3974.0,55.0,,,3969.5,8478.625
0,86900,BERRIES,3965.0,10.0,3964.0,57.0,,,3972.0,10.0,3973.0,57.0,,,3968.5,8775.0
0,87000,BERRIES,3966.0,14.0,3965.0,49.0,,,3973.0,14.0,3974.0,49.0,,,3969.5,8625.25
0,87100,BERRIES,3966.0,11.0,3965.0,52.0,,,3973.0,11.0,3974.0,52.0,,,3969.5,8329.125
0,87200,BERRIES,3966.0,16.0,3965.0,50.0,,,3973.0,16.0,3974.0,50.0,,,3969.5,8504.125
0,87300,BERRIES,3966.0,14.0,3965.0,45.0,,,3973.0,14.0,3974.0,45.0,,,3969.5,8572.125
0,87400,BERRIES,3966.0,10.0,3965.0,55.0,,,3972.0,10.0,3973.0,55.0,,,3969.0,8651.375
0,87500,BERRIES,3966.0,10.0,3965.0,46.0,,,3973.0,10.0,3974.0,46.0,,,3969.5,8551.875
0,87600,BERRIES,3965.0,19.0,3964.0,45.0,,,3972.0,19.0,3973.0,45.0,,,3968.5,8771.0
0,87700,BERRIES,3965.0,61.0,,,,,3972.0,12.0,3973.0,49.0,,,3968.5,8655.5
0,87800,BERRIES,3966.0,20.0,3965.0,56.0,,,3968.0,30.0,3973.0,20.0,3974.0,56.0,3967.0,8474.875
0,87900,BERRIES,3966.0,15.0,3965.0,53.0,,,3973.0,15.0,3974.0,53.0,,,3969.5,8516.5
0,88000,BERRIES,3966.0,18.0,3965.0,49.0,,,3973.0,18.0,3974.0,49.0,,,3969.5,8513.125
0,88100,BERRIES,3967.0,14.0,3966.0,40.0,,,3974.0,14.0,3975.0,40.0,,,3970.5,8015.125
0,88200,BERRIES,3967.0,10.0,3966.0,53.0,,,3974.0,10.0,3975.0,53.0,,,3970.5,7962.5
0,88300,BERRIES,3967.0,10.0,3966.0,48.0,,,3974.0,10.0,3975.0,48.0,,,3970.5,8071.5
0,88400,BERRIES,3967.0,16.0,3966.0,40.0,,,3974.0,16.0,3975.0,40.0,,,3970.5,7845.25
0,88500,BERRIES,3971.0,17.0,3968.0,20.0,3967.0,56.0,3975.0,20.0,3976.0,56.0,,,3973.0,7589.875
0,88600,BERRIES,3968.0,19.0,3967.0,58.0,,,3974.0,19.0,3975.0,58.0,,,3971.0,7762.375
0,88700,BERRIES,3967.0,13.0,3966.0,47.0,,,3974.0,13.0,3975.0,47.0,,,3970.5,7995.0
0,88800,BERRIES,3968.0,16.0,3967.0,53.0,,,3975.0,16.0,3976.0,53.0,,,3971.5,7685.375
0,88900,BERRIES,3968.0,18.0,3967.0,41.0,,,3971.0,28.0,3975.0,18.0,3976.0,41.0,3969.5,7426.875
0,89000,BERRIES,3969.0,20.0,3968.0,48.0,,,3976.0,20.0,3977.0,48.0,,,3972.5,7145.875
0,89100,BERRIES,3970.0,10.0,3969.0,60.0,,,3977.0,10.0,3978.0,60.0,,,3973.5,6789.125
0,89200,BERRIES,3969.0,18.0,3968.0,49.0,,,3976.0,18.0,3977.0,49.0,,,3972.5,7057.0
0,89300,BERRIES,3968.0,14.0,3967.0,45.0,,,3975.0,14.0,3976.0,45.0,,,3971.5,7432.75
0,89400,BERRIES,3969.0,18.0,3968.0,45.0,,,3971.0,4.0,3976.0,18.0,3977.0,45.0,3970.0,7219.25
0,89500,BERRIES,3969.0,12.0,3968.0,50.0,,,3976.0,12.0,3977.0,50.0,,,3972.5,7018.75
0,89600,BERRIES,3969.0,18.0,3968.0,53.0,,,3976.0,18.0,3977.0,53.0,,,3972.5,6992.125
0,89700,BERRIES,3970.0,17.0,3969.0,46.0,,,3977.0,17.0,3978.0,46.0,,,3973.5,6798.0
0,89800,BERRIES,3969.0,20.0,3968.0,53.0,,,3976.0,20.0,3977.0,53.0,,,3972.5,6981.0
0,89900,BERRIES,3969.0,18.0,3968.0,52.0,,,3976.0,18.0,3977.0,52.0,,,3972.5,7222.375
0,90000,BERRIES,3972.0,1.0,3969.0,14.0,3968.0,40.0,3976.0,14.0,3977.0,40.0,,,3974.0,7256.75
0,90100,BERRIES,3969.0,12.0,3968.0,47.0,,,3976.0,12.0,3977.0,47.0,,,3972.5,7170.5
0,90200,BERRIES,3969.0,17.0,3968.0,41.0,,,3976.0,17.0,3977.0,41.0,,,3972.5,7039.875
0,90300,BERRIES,3969.0,19.0,3968.0,53.0,,,3976.0,19.0,3977.0,53.0,,,3972.5,7075.0
0,90400,BERRIES,3969.0,10.0,3968.0,41.0,,,3976.0,10.0,3977.0,41.0,,,3972.5,6948.0
0,90500,BERRIES,3970.0,11.0,3969.0,52.0,,,3977.0,11.0,3978.0,52.0,,,3973.5,6682.125
0,90600,BERRIES,3970.0,11.0,3969.0,52.0,,,3977.0,11.0,3978.0,52.0,,,3973.5,6582.5
0,90700,BERRIES,3970.0,18.0,3969.0,55.0,,,3977.0,18.0,3978.0,55.0,,,3973.5,6703.0
0,90800,BERRIES,3971.0,10.0,3970.0,44.0,,,3978.0,10.0,3979.0,44.0,,,3974.5,6329.0
0,90900,BERRIES,3970.0,11.0,3969.0,47.0,,,3977.0,11.0,3978.0,47.0,,,3973.5,6603.375
0,91000,BERRIES,3970.0,18.0,3969.0,57.0,,,3977.0,18.0,3978.0,57.0,,,3973.5,6566.875
0,91100,BERRIES,3971.0,20.0,3970.0,53.0,,,3974.0,3.0,3978.0,20.0,3979.0,53.0,3972.5,6144.375
0,91200,BERRIES,3972.0,19.0,3971.0,40.0,,,3979.0,19.0,3980.0,40.0,,,3975.5,5596.625
0,91300,BERRIES,3973.0,11.0,3972.0,45.0,,,3980.0,11.0,3981.0,45.0,,,3976.5,5284.875
0,91400,BERRIES,3973.0,20.0,3972.0,49.0,,,3980.0,20.0,3981.0,49.0,,,3976.5,5395.25
0,91500,BERRIES,3972.0,13.0,3971.0,44.0,,,3979.0,13.0,3980.0,44.0,,,3975.5,5821.5
0,91600,BERRIES,3972.0,16.0,3971.0,49.0,,,3979.0,16.0,3980.0,49.0,,,3975.5,5942.375
0,91700,BERRIES,3972.0,19.0,3971.0,50.0,,,3979.0,19.0,3980.0,50.0,,,3975.5,5961.125
0,91800,BERRIES,3972.0,11.0,3971.0,45.0,,,3974.0,2.0,3979.0,11.0,3980.0,45.0,3973.0,5939.25
0,91900,BERRIES,3971.0,14.0,3970.0,46.0,,,3978.0,14.0,3979.0,46.0,,,3974.5,6184.125
0,92000,BERRIES,3971.0,14.0,3970.0,45.0,,,3978.0,14.0,3979.0,45.0,,,3974.5,6312.75
0,92100,BERRIES,3971.0,13.0,3970.0,58.0,,,3978.0,13.0,3979.0,58.0,,,3974.5,6265.5
0,92200,BERRIES,3971.0,16.0,3970.0,50.0,,,3978.0,16.0,3979.0,50.0,,,3974.5,6254.5
0,92300,BERRIES,3972.0,16.0,3971.0,44.0,,,3974.0,10.0,3979.0,16.0,3980.0,44.0,3973.0,5953.375
0,92400,BERRIES,3975.0,3.0,3972.0,11.0,3971.0,59.0,3979.0,11.0,3980.0,59.0,,,3977.0,5820.75
0,92500,BERRIES,3972.0,10.0,3971.0,41.0,,,3979.0,10.0,3980.0,41.0,,,3975.5,5683.375
0,92600,BERRIES,3972.0,13.0,3971.0,41.0,,,3979.0,13.0,3980.0,41.0,,,3975.5,5811.875
0,92700,BERRIES,3972.0,17.0,3971.0,49.0,,,3979.0,17.0,3980.0,49.0,,,3975.5,5795.625
0,92800,BERRIES,3971.0,11.0,3970.0,58.0,,,3978.0,11.0,3979.0,58.0,,,3974.5,6254.875
0,92900,BERRIES,3971.0,18.0,3970.0,51.0,,,3978.0,18.0,3979.0,51.0,,,3974.5,6353.125
0,93000,BERRIES,3970.0,12.0,3969.0,48.0,,,3977.0,12.0,3978.0,48.0,,,3973.5,6729.0
0,93100,BERRIES,3970.0,20.0,3969.0,43.0,,,3977.0,20.0,3978.0,43.0,,,3973.5,6696.875
0,93200,BERRIES,3970.0,18.0,3969.0,50.0,,,3977.0,18.0,3978.0,50.0,,,3973.5,6569.375
0,93300,BERRIES,3970.0,18.0,3969.0,54.0,,,3973.0,4.0,3977.0,18.0,3978.0,54.0,3971.5,6541.75
0,93400,BERRIES,3971.0,14.0,3970.0,59.0,,,3978.0,14.0,3979.0,59.0,,,3974.5,6186.375
0,93500,BERRIES,3971.0,15.0,3970.0,58.0,,,3978.0,15.0,3979.0,58.0,,,3974.5,6347.125
0,93600,BERRIES,3971.0,20.0,3970.0,45.0,,,3978.0,20.0,3979.0,45.0,,,3974.5,6371.375
0,93700,BERRIES,3974.0,11.0,3971.0,11.0,3970.0,46.0,3977.0,11.0,3978.0,46.0,,,3975.5,6503.25
0,93800,BERRIES,3970.0,19.0,3969.0,40.0,,,3973.0,15.0,3977.0,19.0,3978.0,40.0,3971.5,6581.25
0,93900,BERRIES,3971.0,13.0,3970.0,45.0,,,3974.0,3.0,3978.0,13.0,3979.0,45.0,3972.5,6270.25
0,94000,BERRIES,3970.0,20.0,3969.0,59.0,,,3977.0,20.0,3978.0,59.0,,,3973.5,6599.0
0,94100,BERRIES,3971.0,10.0,3970.0,44.0,,,3974.0,27.0,3978.0,10.0,3979.0,44.0,3972.5,6209.75
0,94200,BERRIES,3972.0,16.0,3971.0,46.0,,,3979.0,16.0,3980.0,46.0,,,3975.5,5889.375
0,94300,BERRIES,3972.0,15.0,3971.0,57.0,,,3979.0,15.0,3980.0,57.0,,,3975.5,5751.125
0,94400,BERRIES,3972.0,17.0,3971.0,41.0,,,3979.0,17.0,3980.0,41.0,,,3975.5,5835.25
0,94500,BERRIES,3972.0,17.0,3971.0,52.0,,,3979.0,17.0,3980.0,52.0,,,3975.5,5779.375
0,94600,BERRIES,3972.0,11.0,3971.0,57.0,,,3979.0,11.0,3980.0,57.0,,,3975.5,5875.125
0,94700,BERRIES,3973.0,16.0,3972.0,42.0,,,3980.0,16.0,3981.0,42.0,,,3976.5,5528.125
0,94800,BERRIES,3972.0,13.0,3971.0,43.0,,,3979.0,13.0,3980.0,43.0,,,3975.5,5796.375
0,94900,BERRIES,3972.0,19.0,3971.0,45.0,,,3978.0,19.0,3979.0,45.0,,,3975.0,6028.625
0,95000,BERRIES,3972.0,16.0,3971.0,52.0,,,3979.0,16.0,3980.0,52.0,,,3975.5,6020.75
0,95100,BERRIES,3970.0,16.0,3969.0,43.0,,,3977.0,16.0,3978.0,43.0,,,3973.5,6614.0
0,95200,BERRIES,3971.0,11.0,3970.0,59.0,,,3978.0,11.0,3979.0,59.0,,,3974.5,6267.875
0,95300,BERRIES,3971.0,20.0,3970.0,45.0,,,3978.0,20.0,3979.0,45.0,,,3974.5,6345.0
0,95400,BERRIES,3971.0,11.0,3970.0,45.0,,,3978.0,11.0,3979.0,45.0,,,3974.5,6166.875
0,95500,BERRIES,3971.0,16.0,3970.0,48.0,,,3978.0,16.0,3979.0,48.0,,,3974.5,6126.125
0,95600,BERRIES,3970.0,11.0,3969.0,52.0,,,3977.0,11.0,3978.0,52.0,,,3973.5,6544.625
0,95700,BERRIES,3970.0,20.0,3969.0,41.0,,,3977.0,20.0,3978.0,41.0,,,3973.5,6535.25
0,95800,BERRIES,3971.0,13.0,3970.0,47.0,,,3978.0,13.0,3979.0,47.0,,,3974.5,6436.75
0,95900,BERRIES,3970.0,19.0,3969.0,43.0,,,3977.0,19.0,3978.0,43.0,,,3973.5,6719.375
0,96000,BERRIES,3970.0,17.0,3969.0,43.0,,,3977.0,17.0,3978.0,43.0,,,3973.5,6960.0
0,96100,BERRIES,3969.0,17.0,3968.0,44.0,,,3976.0,17.0,3977.0,44.0,,,3972.5,7211.125
0,96200,BERRIES,3969.0,11.0,3968.0,52.0,,,3976.0,11.0,3977.0,52.0,,,3972.5,7028.875
0,96300,BERRIES,3969.0,20.0,3968.0,50.0,,,3976.0,20.0,3977.0,50.0,,,3972.5,7327.375
0,96400,BERRIES,3968.0,17.0,3967.0,47.0,,,3975.0,17.0,3976.0,47.0,,,3971.5,7544.5
0,96500,BERRIES,3968.0,19.0,3967.0,42.0,,,3975.0,19.0,3976.0,42.0,,,3971.5,7566.75
0,96600,BERRIES,3968.0,14.0,3967.0,56.0,,,3975.0,14.0,3976.0,56.0,,,3971.5,7540.375
0,96700,BERRIES,3968.0,15.0,3967.0,42.0,,,3975.0,15.0,3976.0,42.0,,,3971.5,7685.5
0,96800,BERRIES,3969.0,16.0,3968.0,48.0,,,3976.0,16.0,3977.0,48.0,,,3972.5,7318.25
0,96900,BERRIES,3970.0,18.0,3969.0,55.0,,,3977.0,18.0,3978.0,55.0,,,3973.5,6939.625
0,97000,BERRIES,3969.0,20.0,3968.0,58.0,,,3976.0,20.0,3977.0,58.0,,,3972.5,7273.875
0,97100,BERRIES,3970.0,17.0,3969.0,53.0,,,3977.0,17.0,3978.0,53.0,,,3973.5,6845.375
0,97200,BERRIES,3970.0,12.0,3969.0,48.0,,,3977.0,12.0,3978.0,48.0,,,3973.5,6736.75
0,97300,BERRIES,3970.0,16.0,3969.0,40.0,,,3977.0,16.0,3978.0,40.0,,,3973.5,6580.5
0,97400,BERRIES,3971.0,20.0,3970.0,51.0,,,3978.0,20.0,3979.0,51.0,,,3974.5,6395.875
0,97500,BERRIES,3970.0,18.0,3969.0,48.0,,,3977.0,18.0,3978.0,48.0,,,3973.5,6731.25
0,97600,BERRIES,3969.0,10.0,3968.0,48.0,,,3976.0,10.0,3977.0,48.0,,,3972.5,7039.25
0,97700,BERRIES,3973.0,4.0,3970.0,16.0,3969.0,42.0,3977.0,16.0,3978.0,42.0,,,3975.0,6927.5
0,97800,BERRIES,3969.0,15.0,3968.0,47.0,,,3976.0,15.0,3977.0,47.0,,,3972.5,7104.75
0,97900,BERRIES,3971.0,18.0,3970.0,52.0,,,3978.0,18.0,3979.0,52.0,,,3974.5,6443.75
0,98000,BERRIES,3970.0,12.0,3969.0,49.0,,,3977.0,12.0,3978.0,49.0,,,3973.5,6555.0
0,98100,BERRIES,3971.0,12.0,3970.0,48.0,,,3978.0,12.0,3979.0,48.0,,,3974.5,6332.25
0,98200,BERRIES,3970.0,16.0,3969.0,51.0,,,3977.0,16.0,3978.0,51.0,,,3973.5,6569.5
0,98300,BERRIES,3972.0,19.0,3971.0,43.0,,,3978.0,19.0,3979.0,43.0,,,3975.0,6053.875
0,98400,BERRIES,3972.0,12.0,3971.0,45.0,,,3979.0,12.0,3980.0,45.0,,,3975.5,5605.5
0,98500,BERRIES,3972.0,15.0,3971.0,45.0,,,3979.0,15.0,3980.0,45.0,,,3975.5,5968.625
0,98600,BERRIES,3972.0,16.0,3971.0,57.0,,,3979.0,16.0,3980.0,57.0,,,3975.5,5885.5
0,98700,BERRIES,3972.0,19.0,3971.0,59.0,,,3974.0,1.0,3979.0,19.0,3980.0,59.0,3973.0,5865.875
0,98800,BERRIES,3973.0,15.0,3972.0,57.0,,,3980.0,15.0,3981.0,57.0,,,3976.5,5495.375
0,98900,BERRIES,3971.0,17.0,3970.0,55.0,,,3978.0,17.0,3979.0,55.0,,,3974.5,6078.0
0,99000,BERRIES,3971.0,19.0,3970.0,47.0,,,3978.0,19.0,3979.0,47.0,,,3974.5,6160.25
0,99100,BERRIES,3972.0,20.0,3971.0,49.0,,,3974.0,3.0,3979.0,20.0,3980.0,49.0,3973.0,5953.375
0,99200,BERRIES,3972.0,15.0,3971.0,56.0,,,3978.0,15.0,3979.0,56.0,,,3975.0,6042.0
0,99300,BERRIES,3971.0,18.0,3970.0,58.0,,,3978.0,18.0,3979.0,58.0,,,3974.5,6211.75
0,99400,BERRIES,3970.0,20.0,3969.0,56.0,,,3977.0,20.0,3978.0,56.0,,,3973.5,6584.0
0,99500,BERRIES,3971.0,15.0,3970.0,54.0,,,3977.0,15.0,3978.0,54.0,,,3974.0,6515.375
0,99600,BERRIES,3970.0,13.0,3969.0,57.0,,,3977.0,13.0,3978.0,57.0,,,3973.5,6587.0
0,99700,BERRIES,3970.0,14.0,3969.0,55.0,,,3977.0,14.0,3978.0,55.0,,,3973.5,6963.0
0,99800,BERRIES,3970.0,15.0,3969.0,53.0,,,3977.0,15.0,3978.0,53.0,,,3973.5,6953.5
0,99900,BERRIES,3969.0,10.0,3968.0,55.0,,,3976.0,10.0,3977.0,55.0,,,3972.5,7150.875
0,100000,BERRIES,3969.0,20.0,3968.0,45.0,,,3976.0,20.0,3977.0,45.0,,,3972.5,7108.125
0,100100,BERRIES,3970.0,18.0,3969.0,42.0,,,3972.0,4.0,3977.0,18.0,3978.0,42.0,3971.0,6950.5
0,100200,BERRIES,3970.0,16.0,3969.0,49.0,,,3977.0,16.0,3978.0,49.0,,,3973.5,6680.75
0,100300,BERRIES,3970.0,14.0,3969.0,44.0,,,3977.0,14.0,3978.0,44.0,,,3973.5,6615.875
0,100400,BERRIES,3970.0,10.0,3969.0,55.0,,,3977.0,10.0,3978.0,55.0,,,3973.5,6891.75
0,100500,BERRIES,3970.0,10.0,3969.0,53.0,,,3976.0,10.0,3977.0,53.0,,,3973.0,6968.625
0,100600,BERRIES,3969.0,11.0,3968.0,49.0,,,3976.0,11.0,3977.0,49.0,,,3972.5,7085.0
0,100700,BERRIES,3970.0,13.0,3969.0,41.0,,,3977.0,13.0,3978.0,41.0,,,3973.5,6854.25
0,100800,BERRIES,3969.0,14.0,3968.0,51.0,,,3976.0,14.0,3977.0,51.0,,,3972.5,7053.75
0,100900,BERRIES,3970.0,13.0,3969.0,41.0,,,3977.0,13.0,3978.0,41.0,,,3973.5,6697.75
0,101000,BERRIES,3970.0,19.0,3969.0,46.0,,,3977.0,19.0,3978.0,46.0,,,3973.5,6728.75
0,101100,BERRIES,3970.0,20.0,3969.0,40.0,,,3973.0,5.0,3977.0,20.0,3978.0,40.0,3971.5,6585.75
0,101200,BERRIES,3970.0,19.0,3969.0,52.0,,,3977.0,19.0,3978.0,52.0,,,3973.5,6720.375
0,101300,BERRIES,3971.0,14.0,3970.0,53.0,,,3978.0,14.0,3979.0,53.0,,,3974.5,6379.5
0,101400,BERRIES,3970.0,10.0,3969.0,51.0,,,3977.0,10.0,3978.0,51.0,,,3973.5,6554.25
0,101500,BERRIES,3971.0,11.0,3970.0,40.0,,,3978.0,11.0,3979.0,40.0,,,3974.5,6156.25
0,101600,BERRIES,3971.0,19.0,3970.0,44.0,,,3978.0,19.0,3979.0,44.0,,,3974.5,6069.5
0,101700,BERRIES,3972.0,19.0,3971.0,44.0,,,3979.0,19.0,3980.0,44.0,,,3975.5,5926.75
0,101800,BERRIES,3972.0,16.0,3971.0,43.0,,,3979.0,16.0,3980.0,43.0,,,3975.5,5798.25
0,101900,BERRIES,3971.0,15.0,3970.0,49.0,,,3978.0,15.0,3979.0,49.0,,,3974.5,6031.25
0,102000,BERRIES,3972.0,19.0,3971.0,49.0,,,3979.0,19.0,3980.0,49.0,,,3975.5,5674.875
0,102100,BERRIES,3971.0,10.0,3970.0,52.0,,,3978.0,10.0,3979.0,52.0,,,3974.5,6102.875
0,102200,BERRIES,3971.0,20.0,3970.0,44.0,,,3978.0,20.0,3979.0,44.0,,,3974.5,6097.75
0,102300,BERRIES,3972.0,11.0,3971.0,60.0,,,3979.0,11.0,3980.0,60.0,,,3975.5,5910.875
0,102400,BERRIES,3972.0,11.0,3971.0,55.0,,,3979.0,11.0,3980.0,55.0,,,3975.5,5660.25
0,102500,BERRIES,3972.0,15.0,3971.0,58.0,,,3979.0,15.0,3980.0,58.0,,,3975.5,5849.125
0,102600,BERRIES,3971.0,12.0,3970.0,51.0,,,3978.0,12.0,3979.0,51.0,,,3974.5,6000.0
0,102700,BERRIES,3971.0,11.0,3970.0,45.0,,,3978.0,11.0,3979.0,45.0,,,3974.5,6082.125
0,102800,BERRIES,3971.0,20.0,3970.0,55.0,,,3978.0,20.0,3979.0,55.0,,,3974.5,6373.125
0,102900,BERRIES,3971.0,18.0,3970.0,52.0,,,3978.0,70.0,,,,,3974.5,6428.75
0,103000,BERRIES,3970.0,16.0,3969.0,50.0,,,3977.0,16.0,3978.0,50.0,,,3973.5,6695.25
0,103100,BERRIES,3970.0,14.0,3969.0,45.0,,,3977.0,14.0,3978.0,45.0,,,3973.5,6591.5
0,103200,BERRIES,3970.0,18.0,3969.0,54.0,,,3977.0,18.0,3978.0,54.0,,,3973.5,6671.25
0,103300,BERRIES,3970.0,13.0,3969.0,42.0,,,3977.0,13.0,3978.0,42.0,,,3973.5,6917.5
0,103400,BERRIES,3969.0,17.0,3968.0,59.0,,,3976.0,17.0,3977.0,59.0,,,3972.5,7145.25
0,103500,BERRIES,3969.0,15.0,3968.0,53.0,,,3976.0,15.0,3977.0,53.0,,,3972.5,7134.25
0,103600,BERRIES,3969.0,14.0,3968.0,52.0,,,3976.0,14.0,3977.0,52.0,,,3972.5,7341.75
0,103700,BERRIES,3968.0,13.0,3967.0,40.0,,,3975.0,13.0,3976.0,40.0,,,3971.5,7753.25
0,103800,BERRIES,3967.0,15.0,3966.0,55.0,,,3974.0,15.0,3975.0,55.0,,,3970.5,8084.75
0,103900,BERRIES,3971.0,5.0,3967.0,16.0,3966.0,58.0,3974.0,16.0,3975.0,58.0,,,3972.5,8051.75
0,104000,BERRIES,3966.0,17.0,3965.0,58.0,,,3973.0,17.0,3974.0,58.0,,,3969.5,8576.5
0,104100,BERRIES,3966.0,10.0,3965.0,58.0,,,3973.0,10.0,3974.0,58.0,,,3969.5,8583.25
0,104200,BERRIES,3967.0,15.0,3966.0,53.0,,,3974.0,15.0,3975.0,53.0,,,3970.5,8387.5
0,104300,BERRIES,3966.0,18.0,3965.0,58.0,,,3973.0,18.0,3974.0,58.0,,,3969.5,8591.0
0,104400,BERRIES,3966.0,19.0,3965.0,59.0,,,3973.0,19.0,3974.0,59.0,,,3969.5,8741.0
0,104500,BERRIES,3965.0,18.0,3964.0,49.0,,,3972.0,18.0,3973.0,49.0,,,3968.5,9191.25
0,104600,BERRIES,3965.0,19.0,3964.0,43.0,,,3972.0,19.0,3973.0,43.0,,,3968.5,9501.75
0,104700,BERRIES,3965.0,18.0,3964.0,60.0,,,3971.0,18.0,3972.0,60.0,,,3968.0,9698.5
0,104800,BERRIES,3965.0,11.0,3964.0,44.0,,,3972.0,11.0,3973.0,44.0,,,3968.5,9641.0
0,104900,BERRIES,3964.0,15.0,3963.0,56.0,,,3971.0,15.0,3972.0,56.0,,,3967.5,9786.5
0,105000,BERRIES,3964.0,16.0,3963.0,59.0,,,3971.0,16.0,3972.0,59.0,,,3967.5,10139.75
0,105100,BERRIES,3963.0,19.0,3962.0,50.0,,,3970.0,19.0,3971.0,50.0,,,3966.5,10330.0
0,105200,BERRIES,3963.0,17.0,3962.0,49.0,,,3970.0,17.0,3971.0,49.0,,,3966.5,10707.5
0,105300,BERRIES,3967.0,4.0,3963.0,79.0,,,3970.0,19.0,3971.0,60.0,,,3968.5,10261.25
0,105400,BERRIES,3963.0,15.0,3962.0,58.0,,,3970.0,15.0,3971.0,58.0,,,3966.5,10475.0
0,105500,BERRIES,3964.0,17.0,3963.0,52.0,,,3966.0,8.0,3971.0,17.0,3972.0,52.0,3965.0,10084.0
0,105600,BERRIES,3963.0,11.0,3962.0,52.0,,,3970.0,11.0,3971.0,52.0,,,3966.5,10564.75
0,105700,BERRIES,3962.0,15.0,3961.0,53.0,,,3969.0,15.0,3970.0,53.0,,,3965.5,10872.25
0,105800,BERRIES,3966.0,3.0,3963.0,18.0,3962.0,51.0,3970.0,18.0,3971.0,51.0,,,3968.0,10505.5
0,105900,BERRIES,3963.0,10.0,3962.0,43.0,,,3970.0,10.0,3971.0,43.0,,,3966.5,10616.25
0,106000,BERRIES,3964.0,19.0,3963.0,56.0,,,3971.0,19.0,3972.0,56.0,,,3967.5,10047.75
0,106100,BERRIES,3964.0,12.0,3963.0,46.0,,,3971.0,12.0,3972.0,46.0,,,3967.5,9849.75
0,106200,BERRIES,3965.0,16.0,3964.0,58.0,,,3972.0,16.0,3973.0,58.0,,,3968.5,9489.0
0,106300,BERRIES,3964.0,12.0,3963.0,43.0,,,3971.0,12.0,3972.0,43.0,,,3967.5,9957.0
0,106400,BERRIES,3964.0,11.0,3963.0,51.0,,,3971.0,11.0,3972.0,51.0,,,3967.5,9932.75
0,106500,BERRIES,3964.0,17.0,3963.0,51.0,,,3971.0,17.0,3972.0,51.0,,,3967.5,10059.0
0,106600,BERRIES,3965.0,13.0,3964.0,60.0,,,3972.0,13.0,3973.0,60.0,,,3968.5,9635.75
0,106700,BERRIES,3964.0,11.0,3963.0,56.0,,,3971.0,11.0,3972.0,56.0,,,3967.5,9790.5
0,106800,BERRIES,3964.0,16.0,3963.0,57.0,,,3971.0,16.0,3972.0,57.0,,,3967.5,9816.0
0,106900,BERRIES,3964.0,15.0,3963.0,44.0,,,3971.0,15.0,3972.0,44.0,,,3967.5,10073.75
0,107000,BERRIES,3963.0,14.0,3962.0,49.0,,,3970.0,14.0,3971.0,49.0,,,3966.5,10571.25
0,107100,BERRIES,3963.0,17.0,3962.0,41.0,,,3970.0,17.0,3971.0,41.0,,,3966.5,10436.0
0,107200,BERRIES,3963.0,15.0,3962.0,56.0,,,3970.0,15.0,3971.0,56.0,,,3966.5,10573.25
0,107300,BERRIES,3963.0,10.0,3962.0,43.0,,,3970.0,10.0,3971.0,43.0,,,3966.5,10513.5
0,107400,BERRIES,3966.0,5.0,3962.0,15.0,3961.0,45.0,3969.0,15.0,3970.0,45.0,,,3967.5,10828.25
0,107500,BERRIES,3962.0,11.0,3961.0,42.0,,,3969.0,11.0,3970.0,42.0,,,3965.5,10886.75
0,107600,BERRIES,3962.0,16.0,3961.0,60.0,,,3969.0,16.0,3970.0,60.0,,,3965.5,11168.5
0,107700,BERRIES,3962.0,19.0,3961.0,56.0,,,3968.0,19.0,3969.0,56.0,,,3965.0,11357.75
0,107800,BERRIES,3962.0,12.0,3961.0,54.0,,,3968.0,12.0,3969.0,54.0,,,3965.0,11356.0
0,107900,BERRIES,3961.0,15.0,3960.0,60.0,,,3968.0,15.0,3969.0,60.0,,,3964.5,11552.25
0,108000,BERRIES,3961.0,17.0,3960.0,52.0,,,3968.0,17.0,3969.0,52.0,,,3964.5,11442.0
0,108100,BERRIES,3961.0,20.0,3960.0,55.0,,,3968.0,20.0,3969.0,55.0,,,3964.5,11812.5
0,108200,BERRIES,3960.0,12.0,3959.0,60.0,,,3967.0,12.0,3968.0,60.0,,,3963.5,11975.0
0,108300,BERRIES,3961.0,15.0,3960.0,55.0,,,3968.0,15.0,3969.0,55.0,,,3964.5,11652.25
0,108400,BERRIES,3961.0,15.0,3960.0,54.0,,,3963.0,6.0,3967.0,15.0,3968.0,54.0,3962.0,11904.0
0,108500,BERRIES,3960.0,14.0,3959.0,55.0,,,3967.0,69.0,,,,,3963.5,12451.75
0,108600,BERRIES,3960.0,10.0,3959.0,50.0,,,3967.0,10.0,3968.0,50.0,,,3963.5,12147.5
0,108700,BERRIES,3960.0,11.0,3959.0,47.0,,,3967.0,11.0,3968.0,47.0,,,3963.5,12234.25
0,108800,BERRIES,3959.0,15.0,3958.0,50.0,,,3966.0,15.0,3967.0,50.0,,,3962.5,12571.75
0,108900,BERRIES,3959.0,17.0,3958.0,50.0,,,3966.0,17.0,3967.0,50.0,,,3962.5,12947.0
0,109000,BERRIES,3959.0,10.0,3958.0,57.0,,,3966.0,10.0,3967.0,57.0,,,3962.5,12838.25
0,109100,BERRIES,3958.0,11.0,3957.0,56.0,,,3965.0,11.0,3966.0,56.0,,,3961.5,13209.25
0,109200,BERRIES,3957.0,11.0,3956.0,56.0,,,3964.0,11.0,3965.0,56.0,,,3960.5,13738.25
0,109300,BERRIES,3957.0,12.0,3956.0,51.0,,,3964.0,12.0,3965.0,51.0,,,3960.5,13612.25
0,109400,BERRIES,3958.0,17.0,3957.0,53.0,,,3964.0,17.0,3965.0,53.0,,,3961.0,13599.0
0,109500,BERRIES,3958.0,16.0,3957.0,52.0,,,3965.0,16.0,3966.0,52.0,,,3961.5,13481.75
0,109600,BERRIES,3957.0,15.0,3956.0,57.0,,,3964.0,15.0,3965.0,57.0,,,3960.5,13685.75
0,109700,BERRIES,3957.0,10.0,3956.0,57.0,,,3964.0,10.0,3965.0,57.0,,,3960.5,13624.75
0,109800,BERRIES,3957.0,13.0,3956.0,45.0,,,3964.0,13.0,3965.0,45.0,,,3960.5,13948.0
0,109900,BERRIES,3957.0,16.0,3956.0,54.0,,,3964.0,16.0,3965.0,54.0,,,3960.5,14100.25
0,110000,BERRIES,3957.0,16.0,3956.0,49.0,,,3964.0,16.0,3965.0,49.0,,,3960.5,14097.75
0,110100,BERRIES,3957.0,18.0,3956.0,44.0,,,3964.0,18.0,3965.0,44.0,,,3960.5,14074.5
0,110200,BERRIES,3957.0,18.0,3956.0,58.0,,,3964.0,18.0,3965.0,58.0,,,3960.5,13805.25
0,110300,BERRIES,3957.0,15.0,3956.0,46.0,,,3964.0,15.0,3965.0,46.0,,,3960.5,13620.75
0,110400,BERRIES,3957.0,14.0,3956.0,60.0,,,3964.0,14.0,3965.0,60.0,,,3960.5,13875.75
0,110500,BERRIES,3957.0,14.0,3956.0,51.0,,,3964.0,14.0,3965.0,51.0,,,3960.5,14065.25
0,110600,BERRIES,3957.0,16.0,3956.0,42.0,,,3964.0,16.0,3965.0,42.0,,,3960.5,13883.75
0,110700,BERRIES,3958.0,14.0,3957.0,52.0,,,3964.0,14.0,3965.0,52.0,,,3961.0,13536.0
0,110800,BERRIES,3958.0,19.0,3957.0,57.0,,,3965.0,19.0,3966.0,57.0,,,3961.5,13405.0
0,110900,BERRIES,3958.0,15.0,3957.0,56.0,,,3960.0,11.0,3964.0,15.0,3965.0,56.0,3959.0,13528.0
0,111000,BERRIES,3958.0,18.0,3957.0,52.0,,,3965.0,18.0,3966.0,52.0,,,3961.5,13464.25
0,111100,BERRIES,3958.0,10.0,3957.0,46.0,,,3965.0,10.0,3966.0,46.0,,,3961.5,13136.25
0,111200,BERRIES,3959.0,15.0,3958.0,50.0,,,3966.0,15.0,3967.0,50.0,,,3962.5,12749.75
0,111300,BERRIES,3962.0,3.0,3959.0,12.0,3958.0,51.0,3966.0,12.0,3967.0,51.0,,,3964.0,12910.5
0,111400,BERRIES,3958.0,11.0,3957.0,41.0,,,3965.0,11.0,3966.0,41.0,,,3961.5,13185.0
0,111500,BERRIES,3958.0,11.0,3957.0,51.0,,,3965.0,11.0,3966.0,51.0,,,3961.5,13168.0
0,111600,BERRIES,3958.0,20.0,3957.0,43.0,,,3965.0,20.0,3966.0,43.0,,,3961.5,13339.5
0,111700,BERRIES,3958.0,18.0,3957.0,54.0,,,3965.0,18.0,3966.0,54.0,,,3961.5,13337.5
0,111800,BERRIES,3957.0,12.0,3956.0,49.0,,,3964.0,12.0,3965.0,49.0,,,3960.5,13585.75
0,111900,BERRIES,3958.0,17.0,3957.0,44.0,,,3965.0,17.0,3966.0,44.0,,,3961.5,13491.75
0,112000,BERRIES,3958.0,20.0,3957.0,46.0,,,3965.0,20.0,3966.0,46.0,,,3961.5,13343.5
0,112100,BERRIES,3959.0,18.0,3958.0,56.0,,,3966.0,18.0,3967.0,56.0,,,3962.5,12923.25
0,112200,BERRIES,3959.0,11.0,3958.0,48.0,,,3966.0,11.0,3967.0,48.0,,,3962.5,12561.75
0,112300,BERRIES,3959.0,20.0,3958.0,40.0,,,3966.0,20.0,3967.0,40.0,,,3962.5,12494.75
0,112400,BERRIES,3959.0,10.0,3958.0,58.0,,,3966.0,10.0,3967.0,58.0,,,3962.5,12744.0
0,112500,BERRIES,3959.0,16.0,3958.0,49.0,,,3966.0,16.0,3967.0,49.0,,,3962.5,12499.0
0,112600,BERRIES,3959.0,19.0,3958.0,46.0,,,3966.0,19.0,3967.0,46.0,,,3962.5,12680.25
0,112700,BERRIES,3958.0,10.0,3957.0,44.0,,,3965.0,10.0,3966.0,44.0,,,3961.5,13082.75
0,112800,BERRIES,3958.0,20.0,3957.0,43.0,,,3965.0,20.0,3966.0,43.0,,,3961.5,13168.75
0,112900,BERRIES,3958.0,13.0,3957.0,54.0,,,3964.0,13.0,3965.0,54.0,,,3961.0,13553.0
0,113000,BERRIES,3958.0,20.0,3957.0,57.0,,,3965.0,20.0,3966.0,57.0,,,3961.5,13033.75
0,113100,BERRIES,3959.0,20.0,3958.0,43.0,,,3966.0,20.0,3967.0,43.0,,,3962.5,12740.5
0,113200,BERRIES,3960.0,20.0,3959.0,55.0,,,3967.0,20.0,3968.0,55.0,,,3963.5,12374.0
0,113300,BERRIES,3959.0,18.0,3958.0,50.0,,,3966.0,18.0,3967.0,50.0,,,3962.5,12519.0
0,113400,BERRIES,3959.0,15.0,3958.0,43.0,,,3966.0,15.0,3967.0,43.0,,,3962.5,12579.75
0,113500,BERRIES,3959.0,12.0,3958.0,58.0,,,3966.0,12.0,3967.0,58.0,,,3962.5,12549.75
0,113600,BERRIES,3959.0,17.0,3958.0,51.0,,,3966.0,17.0,3967.0,51.0,,,3962.5,12694.5
0,113700,BERRIES,3959.0,19.0,3958.0,44.0,,,3966.0,19.0,3967.0,44.0,,,3962.5,12715.5
0,113800,BERRIES,3959.0,18.0,3958.0,51.0,,,3966.0,18.0,3967.0,51.0,,,3962.5,12625.0
0,113900,BERRIES,3959.0,10.0,3958.0,56.0,,,3966.0,10.0,3967.0,56.0,,,3962.5,12855.5
0,114000,BERRIES,3959.0,17.0,3958.0,55.0,,,3961.0,27.0,3966.0,17.0,3967.0,55.0,3960.0,12899.75
0,114100,BERRIES,3959.0,19.0,3958.0,57.0,,,3966.0,19.0,3967.0,57.0,,,3962.5,12571.5
0,114200,BERRIES,3959.0,12.0,3958.0,59.0,,,3966.0,12.0,3967.0,59.0,,,3962.5,12555.0
0,114300,BERRIES,3958.0,11.0,3957.0,50.0,,,3965.0,11.0,3966.0,50.0,,,3961.5,13082.25
0,114400,BERRIES,3958.0,12.0,3957.0,45.0,,,3965.0,12.0,3966.0,45.0,,,3961.5,13386.5
0,114500,BERRIES,3957.0,15.0,3956.0,57.0,,,3964.0,15.0,3965.0,57.0,,,3960.5,13611.5
0,114600,BERRIES,3957.0,17.0,3956.0,57.0,,,3964.0,17.0,3965.0,57.0,,,3960.5,13769.25
0,114700,BERRIES,3957.0,17.0,3956.0,56.0,,,3964.0,17.0,3965.0,56.0,,,3960.5,13740.75
0,114800,BERRIES,3960.0,21.0,3957.0,14.0,3956.0,58.0,3964.0,14.0,3965.0,58.0,,,3962.0,14021.75
0,114900,BERRIES,3957.0,10.0,3956.0,51.0,,,3964.0,10.0,3965.0,51.0,,,3960.5,13604.25
0,115000,BERRIES,3957.0,13.0,3956.0,46.0,,,3964.0,13.0,3965.0,46.0,,,3960.5,13690.25
0,115100,BERRIES,3958.0,13.0,3957.0,57.0,,,3964.0,13.0,3965.0,57.0,,,3961.0,13575.0
0,115200,BERRIES,3957.0,18.0,3956.0,56.0,,,3964.0,18.0,3965.0,56.0,,,3960.5,13848.5
0,115300,BERRIES,3956.0,12.0,3955.0,57.0,,,3963.0,12.0,3964.0,57.0,,,3959.5,14462.0
0,115400,BERRIES,3956.0,15.0,3955.0,51.0,,,3963.0,15.0,3964.0,51.0,,,3959.5,14355.0
0,115500,BERRIES,3956.0,75.0,,,,,3963.0,15.0,3964.0,60.0,,,3959.5,14150.75
0,115600,BERRIES,3957.0,17.0,3956.0,60.0,,,3964.0,17.0,3965.0,60.0,,,3960.5,13891.25
0,115700,BERRIES,3957.0,18.0,3956.0,55.0,,,3964.0,18.0,3965.0,55.0,,,3960.5,13944.25
0,115800,BERRIES,3957.0,13.0,3956.0,49.0,,,3964.0,13.0,3965.0,49.0,,,3960.5,13913.25
0,115900,BERRIES,3956.0,11.0,3955.0,52.0,,,3963.0,11.0,3964.0,52.0,,,3959.5,14172.5
0,116000,BERRIES,3956.0,19.0,3955.0,45.0,,,3963.0,19.0,3964.0,45.0,,,3959.5,14648.75
0,116100,BERRIES,3956.0,13.0,3955.0,52.0,,,3963.0,13.0,3964.0,52.0,,,3959.5,14649.5
0,116200,BERRIES,3956.0,13.0,3955.0,51.0,,,3963.0,13.0,3964.0,51.0,,,3959.5,14527.75
0,116300,BERRIES,3956.0,12.0,3955.0,57.0,,,3963.0,12.0,3964.0,57.0,,,3959.5,14415.0
0,116400,BERRIES,3956.0,19.0,3955.0,40.0,,,3963.0,19.0,3964.0,40.0,,,3959.5,14192.25
0,116500,BERRIES,3957.0,10.0,3956.0,43.0,,,3964.0,10.0,3965.0,43.0,,,3960.5,13933.5
0,116600,BERRIES,3957.0,14.0,3956.0,41.0,,,3964.0,14.0,3965.0,41.0,,,3960.5,13725.25
0,116700,BERRIES,3958.0,20.0,3957.0,48.0,,,3965.0,20.0,3966.0,48.0,,,3961.5,13527.25
0,116800,BERRIES,3958.0,18.0,3957.0,48.0,,,3965.0,18.0,3966.0,48.0,,,3961.5,13441.75
0,116900,BERRIES,3957.0,16.0,3956.0,44.0,,,3964.0,16.0,3965.0,44.0,,,3960.5,13623.75
0,117000,BERRIES,3956.0,20.0,3955.0,43.0,,,3963.0,20.0,3964.0,43.0,,,3959.5,14215.75
0,117100,BERRIES,3956.0,12.0,3955.0,46.0,,,3963.0,12.0,3964.0,46.0,,,3959.5,14172.0
0,117200,BERRIES,3957.0,12.0,3956.0,48.0,,,3964.0,12.0,3965.0,48.0,,,3960.5,13787.0
0,117300,BERRIES,3957.0,13.0,3956.0,42.0,,,3964.0,13.0,3965.0,42.0,,,3960.5,13659.25
0,117400,BERRIES,3958.0,19.0,3957.0,41.0,,,3965.0,19.0,3966.0,41.0,,,3961.5,13102.25
0,117500,BERRIES,3959.0,19.0,3958.0,60.0,,,3966.0,19.0,3967.0,60.0,,,3962.5,12901.5
0,117600,BERRIES,3958.0,19.0,3957.0,42.0,,,3965.0,19.0,3966.0,42.0,,,3961.5,13477.5
0,117700,BERRIES,3958.0,15.0,3957.0,52.0,,,3965.0,15.0,3966.0,52.0,,,3961.5,13151.0
0,117800,BERRIES,3958.0,11.0,3957.0,52.0,,,3965.0,11.0,3966.0,52.0,,,3961.5,13391.25
0,117900,BERRIES,3958.0,14.0,3957.0,59.0,,,3965.0,14.0,3966.0,59.0,,,3961.5,13388.5
0,118000,BERRIES,3958.0,10.0,3957.0,52.0,,,3965.0,10.0,3966.0,52.0,,,3961.5,13474.75
