day,timestamp,product,bid_price_1,bid_volume_1,bid_price_2,bid_volume_2,bid_price_3,bid_volume_3,ask_price_1,ask_volume_1,ask_price_2,ask_volume_2,ask_price_3,ask_volume_3,mid_price,profit_and_loss
0,0,COCONUTS,8113.0,205.0,,,,,8116.0,205.0,,,,,8114.5,0.0
0,100,COCONUTS,8113.0,192.0,,,,,8115.0,70.0,8116.0,122.0,,,8114.0,0.0
0,200,COCONUTS,8113.0,167.0,,,,,8116.0,167.0,,,,,8114.5,0.0
0,300,COCONUTS,8113.0,68.0,8112.0,118.0,,,8115.0,68.0,8116.0,118.0,,,8114.0,0.0
0,400,COCONUTS,8112.0,73.0,8111.0,128.0,,,8114.0,201.0,,,,,8113.0,0.0
0,500,COCONUTS,8112.0,168.0,,,,,8114.0,53.0,8115.0,115.0,,,8113.0,0.0
0,600,COCONUTS,8113.0,44.0,8112.0,212.0,,,8114.0,62.0,8115.0,150.0,,,8113.5,0.0
0,700,COCONUTS,8111.0,158.0,,,,,8114.0,158.0,,,,,8112.5,0.0
0,800,COCONUTS,8112.0,204.0,,,,,8114.0,67.0,8115.0,137.0,,,8113.0,0.0
0,900,COCONUTS,8111.0,184.0,,,,,8114.0,184.0,,,,,8112.5,0.0
0,1000,COCONUTS,8111.0,72.0,8110.0,140.0,,,8113.0,212.0,,,,,8112.0,0.0
0,1100,COCONUTS,8111.0,205.0,,,,,8114.0,205.0,,,,,8112.5,0.0
0,1200,COCONUTS,8112.0,169.0,,,,,8114.0,62.0,8115.0,107.0,,,8113.0,0.0
0,1300,COCONUTS,8111.0,149.0,,,,,8113.0,43.0,8114.0,106.0,,,8112.0,19.1328125
0,1400,COCONUTS,8110.0,182.0,,,,,8113.0,182.0,,,,,8111.5,25.578125
0,1500,COCONUTS,8111.0,205.0,,,,,8114.0,205.0,,,,,8112.5,15.234375
0,1600,COCONUTS,8111.0,63.0,8110.0,105.0,,,8113.0,168.0,,,,,8112.0,21.75
0,1700,COCONUTS,8109.0,219.0,,,,,8110.0,78.0,8112.0,219.0,,,8109.5,32.828125
0,1800,COCONUTS,8109.0,191.0,,,,,8111.0,52.0,8112.0,139.0,,,8110.0,38.9921875
0,1900,COCONUTS,8107.0,164.0,,,,,8110.0,164.0,,,,,8108.5,52.6484375
0,2000,COCONUTS,8107.0,185.0,,,,,8110.0,185.0,,,,,8108.5,53.125
0,2100,COCONUTS,8107.0,175.0,,,,,8110.0,175.0,,,,,8108.5,58.109375
0,2200,COCONUTS,8107.0,181.0,,,,,8110.0,181.0,,,,,8108.5,52.796875
0,2300,COCONUTS,8107.0,162.0,,,,,8110.0,162.0,,,,,8108.5,52.953125
0,2400,COCONUTS,8108.0,194.0,,,,,8110.0,79.0,8111.0,115.0,,,8109.0,48.8828125
0,2500,COCONUTS,8107.0,154.0,,,,,8110.0,154.0,,,,,8108.5,55.484375
0,2600,COCONUTS,8108.0,66.0,8107.0,102.0,,,8110.0,168.0,,,,,8109.0,50.9453125
0,2700,COCONUTS,8107.0,216.0,,,,,8110.0,216.0,,,,,8108.5,55.0625
0,2800,COCONUTS,8106.0,179.0,,,,,8109.0,179.0,,,,,8107.5,66.7265625
0,2900,COCONUTS,8105.0,170.0,,,,,8108.0,170.0,,,,,8106.5,73.34375
0,3000,COCONUTS,8106.0,189.0,,,,,8109.0,189.0,,,,,8107.5,66.0703125
0,3100,COCONUTS,8105.0,208.0,,,,,8108.0,208.0,,,,,8106.5,74.03125
0,3200,COCONUTS,8105.0,182.0,,,,,8108.0,182.0,,,,,8106.5,77.921875
0,3300,COCONUTS,8105.0,72.0,8104.0,174.0,,,8107.0,174.0,,,,,8106.0,84.875
0,3400,COCONUTS,8105.0,56.0,8104.0,152.0,,,8107.0,152.0,,,,,8106.0,81.984375
0,3500,COCONUTS,8103.0,49.0,8102.0,130.0,,,8105.0,49.0,8106.0,130.0,,,8104.0,100.0546875
0,3600,COCONUTS,8103.0,202.0,,,,,8106.0,202.0,,,,,8104.5,98.0234375
0,3700,COCONUTS,8102.0,64.0,8101.0,106.0,,,8104.0,170.0,,,,,8103.0,110.8359375
0,3800,COCONUTS,8101.0,72.0,8100.0,136.0,,,8103.0,208.0,,,,,8102.0,121.5234375
0,3900,COCONUTS,8101.0,198.0,,,,,8104.0,198.0,,,,,8102.5,117.1015625
0,4000,COCONUTS,8102.0,121.0,,,,,8103.0,23.0,8105.0,169.0,,,8102.5,62.84375
0,4100,COCONUTS,8102.0,194.0,,,,,8104.0,56.0,8105.0,138.0,,,8103.0,104.40625
0,4200,COCONUTS,8101.0,76.0,8100.0,147.0,,,8103.0,223.0,,,,,8102.0,169.375
0,4300,COCONUTS,8101.0,201.0,,,,,8104.0,201.0,,,,,8102.5,146.6875
0,4400,COCONUTS,8101.0,150.0,,,,,8103.0,43.0,8104.0,107.0,,,8102.0,164.8125
0,4500,COCONUTS,8100.0,178.0,,,,,8102.0,53.0,8103.0,125.0,,,8101.0,222.59375
0,4600,COCONUTS,8101.0,177.0,,,,,8104.0,177.0,,,,,8102.5,152.4375
0,4700,COCONUTS,8101.0,165.0,,,,,8104.0,165.0,,,,,8102.5,155.25
0,4800,COCONUTS,8102.0,78.0,8101.0,168.0,,,8104.0,168.0,,,,,8103.0,128.75
0,4900,COCONUTS,8100.0,190.0,,,,,8103.0,190.0,,,,,8101.5,191.6875
0,5000,COCONUTS,8101.0,143.0,,,,,8103.0,42.0,8104.0,101.0,,,8102.0,166.78125
0,5100,COCONUTS,8099.0,52.0,8098.0,134.0,,,8101.0,186.0,,,,,8100.0,286.125
0,5200,COCONUTS,8100.0,169.0,,,,,8102.0,43.0,8103.0,126.0,,,8101.0,223.9375
0,5300,COCONUTS,8100.0,181.0,,,,,8103.0,181.0,,,,,8101.5,180.96875
0,5400,COCONUTS,8101.0,172.0,,,,,8104.0,172.0,,,,,8102.5,153.71875
0,5500,COCONUTS,8101.0,172.0,,,,,8102.0,41.0,8104.0,172.0,,,8101.5,145.40625
0,5600,COCONUTS,8102.0,48.0,8101.0,150.0,,,8104.0,198.0,,,,,8103.0,117.375
0,5700,COCONUTS,8102.0,53.0,8101.0,124.0,,,8104.0,177.0,,,,,8103.0,119.0625
0,5800,COCONUTS,8101.0,179.0,,,,,8104.0,179.0,,,,,8102.5,153.28125
0,5900,COCONUTS,8101.0,73.0,8100.0,205.0,,,8102.0,78.0,8103.0,127.0,,,8101.5,222.875
0,6000,COCONUTS,8100.0,193.0,,,,,8103.0,193.0,,,,,8101.5,183.25
0,6100,COCONUTS,8100.0,192.0,,,,,8101.0,59.0,8103.0,192.0,,,8100.5,208.3125
0,6200,COCONUTS,8099.0,148.0,,,,,8102.0,148.0,,,,,8100.5,264.8125
0,6300,COCONUTS,8099.0,8.0,8098.0,113.0,,,8101.0,173.0,,,,,8100.0,235.0
0,6400,COCONUTS,8098.0,201.0,,,,,8100.0,53.0,8101.0,148.0,,,8099.0,326.0
0,6500,COCONUTS,8098.0,181.0,,,,,8101.0,181.0,,,,,8099.5,289.3125
0,6600,COCONUTS,8098.0,199.0,,,,,8101.0,199.0,,,,,8099.5,290.25
0,6700,COCONUTS,8099.0,178.0,,,,,8101.0,74.0,8102.0,104.0,,,8100.0,220.25
0,6800,COCONUTS,8099.0,191.0,,,,,8102.0,191.0,,,,,8100.5,179.0
0,6900,COCONUTS,8099.0,76.0,8098.0,131.0,,,8101.0,207.0,,,,,8100.0,238.25
0,7000,COCONUTS,8099.0,74.0,8098.0,103.0,,,8101.0,177.0,,,,,8100.0,244.0
0,7100,COCONUTS,8099.0,74.0,8098.0,117.0,,,8101.0,191.0,,,,,8100.0,237.375
0,7200,COCONUTS,8098.0,167.0,,,,,8101.0,167.0,,,,,8099.5,267.1875
0,7300,COCONUTS,8099.0,172.0,,,,,8100.0,51.0,8101.0,68.0,8102.0,104.0,8099.5,215.375
0,7400,COCONUTS,8100.0,73.0,8099.0,123.0,,,8102.0,196.0,,,,,8101.0,124.875
0,7500,COCONUTS,8099.0,193.0,,,,,8102.0,193.0,,,,,8100.5,157.0
0,7600,COCONUTS,8100.0,193.0,,,,,8103.0,193.0,,,,,8101.5,71.625
0,7700,COCONUTS,8099.0,146.0,,,,,8102.0,146.0,,,,,8100.5,173.6875
0,7800,COCONUTS,8098.0,59.0,8097.0,144.0,,,8100.0,203.0,,,,,8099.0,355.6875
0,7900,COCONUTS,8098.0,183.0,,,,,8101.0,183.0,,,,,8099.5,316.8125
0,8000,COCONUTS,8098.0,192.0,,,,,8099.0,40.0,8101.0,192.0,,,8098.5,260.25
0,8100,COCONUTS,8099.0,202.0,,,,,8101.0,55.0,8102.0,147.0,,,8100.0,216.0625
0,8200,COCONUTS,8098.0,190.0,,,,,8101.0,190.0,,,,,8099.5,269.625
0,8300,COCONUTS,8098.0,183.0,,,,,8101.0,183.0,,,,,8099.5,258.9375
0,8400,COCONUTS,8099.0,79.0,8098.0,143.0,,,8101.0,222.0,,,,,8100.0,246.6875
0,8500,COCONUTS,8098.0,172.0,,,,,8101.0,172.0,,,,,8099.5,300.125
0,8600,COCONUTS,8098.0,78.0,8097.0,156.0,,,8100.0,156.0,,,,,8099.0,413.75
0,8700,COCONUTS,8096.0,182.0,,,,,8099.0,182.0,,,,,8097.5,521.5625
0,8800,COCONUTS,8096.0,64.0,8095.0,139.0,,,8098.0,64.0,8099.0,139.0,,,8097.0,562.9375
0,8900,COCONUTS,8095.0,185.0,,,,,8098.0,185.0,,,,,8096.5,621.1875
0,9000,COCONUTS,8096.0,78.0,8095.0,116.0,,,8098.0,194.0,,,,,8097.0,565.4375
0,9100,COCONUTS,8096.0,61.0,8095.0,149.0,,,8098.0,210.0,,,,,8097.0,570.8125
0,9200,COCONUTS,8095.0,182.0,,,,,8097.0,51.0,8098.0,131.0,,,8096.0,662.25
0,9300,COCONUTS,8095.0,56.0,8094.0,153.0,,,8097.0,153.0,,,,,8096.0,753.1875
0,9400,COCONUTS,8093.0,201.0,,,,,8096.0,201.0,,,,,8094.5,864.0625
0,9500,COCONUTS,8093.0,52.0,8092.0,114.0,,,8095.0,166.0,,,,,8094.0,906.3125
0,9600,COCONUTS,8092.0,223.0,,,,,8095.0,223.0,,,,,8093.5,964.25
0,9700,COCONUTS,8092.0,160.0,,,,,8095.0,160.0,,,,,8093.5,972.0625
0,9800,COCONUTS,8092.0,59.0,8091.0,133.0,,,8094.0,192.0,,,,,8093.0,1011.25
0,9900,COCONUTS,8092.0,172.0,,,,,8095.0,172.0,,,,,8093.5,957.875
0,10000,COCONUTS,8091.0,174.0,,,,,8094.0,174.0,,,,,8092.5,1090.625
0,10100,COCONUTS,8091.0,151.0,,,,,8092.0,77.0,8093.0,47.0,8094.0,104.0,8091.5,1102.625
0,10200,COCONUTS,8091.0,180.0,,,,,8092.0,53.0,8093.0,53.0,8094.0,127.0,8091.5,1098.0
0,10300,COCONUTS,8091.0,71.0,8090.0,167.0,,,8093.0,167.0,,,,,8092.0,1139.25
0,10400,COCONUTS,8090.0,170.0,,,,,8092.0,62.0,8093.0,108.0,,,8091.0,1210.125
0,10500,COCONUTS,8089.0,127.0,8088.0,115.0,,,8091.0,164.0,,,,,8090.0,1352.0
0,10600,COCONUTS,8088.0,182.0,,,,,8091.0,182.0,,,,,8089.5,1360.125
0,10700,COCONUTS,8088.0,151.0,,,,,8089.0,56.0,8091.0,151.0,,,8088.5,1381.0625
0,10800,COCONUTS,8088.0,158.0,,,,,8090.0,52.0,8091.0,106.0,,,8089.0,1427.0625
0,10900,COCONUTS,8088.0,56.0,8087.0,141.0,,,8090.0,197.0,,,,,8089.0,1453.1875
0,11000,COCONUTS,8087.0,164.0,,,,,8090.0,164.0,,,,,8088.5,1470.8125
0,11100,COCONUTS,8087.0,212.0,,,,,8090.0,212.0,,,,,8088.5,1529.5
0,11200,COCONUTS,8086.0,208.0,,,,,8089.0,208.0,,,,,8087.5,1619.125
0,11300,COCONUTS,8086.0,198.0,,,,,8089.0,198.0,,,,,8087.5,1597.1875
0,11400,COCONUTS,8087.0,193.0,,,,,8090.0,193.0,,,,,8088.5,1526.3125
0,11500,COCONUTS,8087.0,162.0,,,,,8090.0,162.0,,,,,8088.5,1513.0625
0,11600,COCONUTS,8087.0,211.0,,,,,8090.0,211.0,,,,,8088.5,1504.875
0,11700,COCONUTS,8087.0,178.0,,,,,8090.0,178.0,,,,,8088.5,1482.3125
0,11800,COCONUTS,8087.0,158.0,,,,,8090.0,158.0,,,,,8088.5,1465.875
0,11900,COCONUTS,8087.0,199.0,,,,,8090.0,199.0,,,,,8088.5,1522.5
0,12000,COCONUTS,8088.0,76.0,8087.0,178.0,,,8090.0,178.0,,,,,8089.0,1509.0
0,12100,COCONUTS,8086.0,75.0,8085.0,123.0,,,8088.0,198.0,,,,,8087.0,1663.25
0,12200,COCONUTS,8086.0,153.0,,,,,8088.0,40.0,8089.0,113.0,,,8087.0,1654.3125
0,12300,COCONUTS,8086.0,69.0,8085.0,128.0,,,8088.0,197.0,,,,,8087.0,1665.75
0,12400,COCONUTS,8085.0,169.0,,,,,8088.0,169.0,,,,,8086.5,1742.25
0,12500,COCONUTS,8084.0,182.0,,,,,8087.0,182.0,,,,,8085.5,1834.75
0,12600,COCONUTS,8083.0,208.0,,,,,8086.0,208.0,,,,,8084.5,1947.25
0,12700,COCONUTS,8083.0,178.0,,,,,8086.0,178.0,,,,,8084.5,1967.0
0,12800,COCONUTS,8083.0,171.0,,,,,8086.0,171.0,,,,,8084.5,1905.125
0,12900,COCONUTS,8083.0,51.0,8082.0,167.0,,,8084.0,61.0,8085.0,106.0,,,8083.5,2090.5
0,13000,COCONUTS,8081.0,177.0,,,,,8084.0,177.0,,,,,8082.5,2176.375
0,13100,COCONUTS,8081.0,201.0,,,,,8084.0,201.0,,,,,8082.5,2173.0625
0,13200,COCONUTS,8081.0,149.0,,,,,8084.0,149.0,,,,,8082.5,2166.25
0,13300,COCONUTS,8083.0,168.0,,,,,8086.0,168.0,,,,,8084.5,1964.3125
0,13400,COCONUTS,8084.0,59.0,8083.0,141.0,,,8086.0,59.0,8087.0,141.0,,,8085.0,1870.8125
0,13500,COCONUTS,8085.0,200.0,,,,,8088.0,200.0,,,,,8086.5,1680.1875
0,13600,COCONUTS,8086.0,184.0,,,,,8088.0,71.0,8089.0,113.0,,,8087.0,1616.1875
0,13700,COCONUTS,8086.0,202.0,,,,,8088.0,73.0,8089.0,129.0,,,8087.0,1627.3125
0,13800,COCONUTS,8086.0,173.0,,,,,8089.0,173.0,,,,,8087.5,1536.3125
0,13900,COCONUTS,8088.0,145.0,,,,,8090.0,41.0,8091.0,104.0,,,8089.0,1389.8125
0,14000,COCONUTS,8088.0,185.0,,,,,8091.0,185.0,,,,,8089.5,1343.375
0,14100,COCONUTS,8090.0,193.0,,,,,8092.0,78.0,8093.0,115.0,,,8091.0,1134.6875
0,14200,COCONUTS,8089.0,164.0,,,,,8092.0,164.0,,,,,8090.5,1183.3125
0,14300,COCONUTS,8090.0,202.0,,,,,8093.0,202.0,,,,,8091.5,1110.25
0,14400,COCONUTS,8090.0,160.0,,,,,8093.0,160.0,,,,,8091.5,1077.625
0,14500,COCONUTS,8091.0,67.0,8090.0,139.0,,,8093.0,206.0,,,,,8092.0,1039.125
0,14600,COCONUTS,8090.0,192.0,,,,,8093.0,192.0,,,,,8091.5,1100.0
0,14700,COCONUTS,8090.0,150.0,,,,,8093.0,150.0,,,,,8091.5,1095.375
0,14800,COCONUTS,8089.0,182.0,,,,,8092.0,182.0,,,,,8090.5,1242.3125
0,14900,COCONUTS,8090.0,40.0,8089.0,202.0,,,8092.0,202.0,,,,,8091.0,1219.8125
0,15000,COCONUTS,8088.0,203.0,,,,,8091.0,203.0,,,,,8089.5,1313.375
0,15100,COCONUTS,8088.0,173.0,,,,,8091.0,173.0,,,,,8089.5,1302.6875
0,15200,COCONUTS,8089.0,185.0,,,,,8092.0,185.0,,,,,8090.5,1238.625
0,15300,COCONUTS,8090.0,222.0,,,,,8093.0,222.0,,,,,8091.5,1072.625
0,15400,COCONUTS,8090.0,69.0,8089.0,139.0,,,8092.0,208.0,,,,,8091.0,1166.0
0,15500,COCONUTS,8088.0,45.0,8087.0,120.0,,,8090.0,165.0,,,,,8089.0,1412.125
0,15600,COCONUTS,8088.0,228.0,,,,,8091.0,228.0,,,,,8089.5,1300.625
0,15700,COCONUTS,8089.0,69.0,8088.0,123.0,,,8091.0,192.0,,,,,8090.0,1281.875
0,15800,COCONUTS,8089.0,209.0,,,,,8092.0,209.0,,,,,8090.5,1232.3125
0,15900,COCONUTS,8089.0,226.0,,,,,8092.0,226.0,,,,,8090.5,1232.0625
0,16000,COCONUTS,8089.0,70.0,8088.0,203.0,,,8091.0,203.0,,,,,8090.0,1348.75
0,16100,COCONUTS,8088.0,194.0,,,,,8090.0,58.0,8091.0,136.0,,,8089.0,1384.6875
0,16200,COCONUTS,8088.0,51.0,8087.0,118.0,,,8090.0,51.0,8091.0,118.0,,,8089.0,1392.25
0,16300,COCONUTS,8087.0,166.0,,,,,8090.0,166.0,,,,,8088.5,1451.75
0,16400,COCONUTS,8087.0,47.0,8086.0,114.0,,,8089.0,161.0,,,,,8088.0,1528.5
0,16500,COCONUTS,8087.0,156.0,,,,,8090.0,156.0,,,,,8088.5,1446.875
0,16600,COCONUTS,8086.0,180.0,,,,,8089.0,180.0,,,,,8087.5,1549.5
0,16700,COCONUTS,8086.0,157.0,,,,,8089.0,157.0,,,,,8087.5,1555.625
0,16800,COCONUTS,8086.0,179.0,,,,,8089.0,179.0,,,,,8087.5,1560.1875
0,16900,COCONUTS,8086.0,46.0,8085.0,139.0,,,8088.0,185.0,,,,,8087.0,1640.25
0,17000,COCONUTS,8084.0,184.0,,,,,8087.0,184.0,,,,,8085.5,1834.125
0,17100,COCONUTS,8083.0,192.0,,,,,8086.0,192.0,,,,,8084.5,1901.0625
0,17200,COCONUTS,8085.0,169.0,,,,,8088.0,169.0,,,,,8086.5,1723.875
0,17300,COCONUTS,8086.0,27.0,8085.0,206.0,,,8087.0,63.0,8088.0,143.0,,,8086.5,1737.3125
0,17400,COCONUTS,8084.0,165.0,,,,,8087.0,165.0,,,,,8085.5,1835.3125
0,17500,COCONUTS,8085.0,166.0,,,,,8088.0,166.0,,,,,8086.5,1713.6875
0,17600,COCONUTS,8085.0,205.0,,,,,8088.0,205.0,,,,,8086.5,1711.625
0,17700,COCONUTS,8086.0,63.0,8085.0,123.0,,,8088.0,186.0,,,,,8087.0,1641.25
0,17800,COCONUTS,8086.0,184.0,,,,,8089.0,184.0,,,,,8087.5,1544.8125
0,17900,COCONUTS,8087.0,203.0,,,,,8090.0,203.0,,,,,8088.5,1481.25
0,18000,COCONUTS,8086.0,183.0,,,,,8089.0,183.0,,,,,8087.5,1541.25
0,18100,COCONUTS,8086.0,191.0,,,,,8088.0,77.0,8089.0,114.0,,,8087.0,1626.3125
0,18200,COCONUTS,8086.0,183.0,,,,,8089.0,183.0,,,,,8087.5,1564.375
0,18300,COCONUTS,8086.0,145.0,,,,,8089.0,145.0,,,,,8087.5,1582.8125
0,18400,COCONUTS,8087.0,173.0,,,,,8088.0,68.0,8089.0,54.0,8090.0,119.0,8087.5,1499.25
0,18500,COCONUTS,8087.0,43.0,8086.0,134.0,,,8089.0,177.0,,,,,8088.0,1519.625
0,18600,COCONUTS,8087.0,195.0,,,,,8089.0,47.0,8090.0,148.0,,,8088.0,1493.5625
0,18700,COCONUTS,8087.0,191.0,,,,,8090.0,191.0,,,,,8088.5,1475.8125
0,18800,COCONUTS,8087.0,181.0,,,,,8090.0,181.0,,,,,8088.5,1416.6875
0,18900,COCONUTS,8088.0,202.0,,,,,8089.0,47.0,8090.0,66.0,8091.0,136.0,8088.5,1382.6875
0,19000,COCONUTS,8087.0,192.0,,,,,8090.0,192.0,,,,,8088.5,1444.0
0,19100,COCONUTS,8089.0,176.0,,,,,8092.0,176.0,,,,,8090.5,1218.75
0,19200,COCONUTS,8089.0,152.0,,,,,8092.0,152.0,,,,,8090.5,1176.125
0,19300,COCONUTS,8091.0,42.0,8090.0,193.0,,,8093.0,193.0,,,,,8092.0,1089.9375
0,19400,COCONUTS,8091.0,185.0,,,,,8094.0,185.0,,,,,8092.5,953.1875
0,19500,COCONUTS,8092.0,168.0,,,,,8095.0,168.0,,,,,8093.5,834.1875
0,19600,COCONUTS,8093.0,57.0,8092.0,131.0,,,8095.0,188.0,,,,,8094.0,810.875
0,19700,COCONUTS,8093.0,71.0,8092.0,116.0,,,8095.0,187.0,,,,,8094.0,812.5625
0,19800,COCONUTS,8093.0,76.0,8092.0,119.0,,,8095.0,195.0,,,,,8094.0,799.375
0,19900,COCONUTS,8094.0,209.0,,,,,8097.0,209.0,,,,,8095.5,611.5
0,20000,COCONUTS,8093.0,198.0,,,,,8096.0,198.0,,,,,8094.5,702.4375
0,20100,COCONUTS,8093.0,209.0,,,,,8095.0,65.0,8096.0,144.0,,,8094.0,771.9375
0,20200,COCONUTS,8092.0,73.0,8091.0,109.0,,,8094.0,182.0,,,,,8093.0,920.0625
0,20300,COCONUTS,8092.0,183.0,,,,,8095.0,183.0,,,,,8093.5,834.6875
0,20400,COCONUTS,8093.0,53.0,8092.0,101.0,,,8095.0,154.0,,,,,8094.0,809.625
0,20500,COCONUTS,8094.0,70.0,8093.0,141.0,,,8096.0,70.0,8097.0,141.0,,,8095.0,673.125
0,20600,COCONUTS,8093.0,156.0,,,,,8095.0,46.0,8096.0,110.0,,,8094.0,769.875
0,20700,COCONUTS,8093.0,165.0,,,,,8096.0,165.0,,,,,8094.5,730.0
0,20800,COCONUTS,8093.0,162.0,,,,,8096.0,162.0,,,,,8094.5,702.5
0,20900,COCONUTS,8094.0,146.0,,,,,8097.0,146.0,,,,,8095.5,645.0
0,21000,COCONUTS,8093.0,177.0,,,,,8096.0,177.0,,,,,8094.5,708.4375
0,21100,COCONUTS,8092.0,141.0,,,,,8095.0,170.0,,,,,8093.5,836.5
0,21200,COCONUTS,8094.0,73.0,8093.0,206.0,,,8095.0,72.0,8096.0,134.0,,,8094.5,729.25
0,21300,COCONUTS,8093.0,220.0,,,,,8096.0,220.0,,,,,8094.5,699.625
0,21400,COCONUTS,8093.0,225.0,,,,,8094.0,55.0,8096.0,225.0,,,8093.5,643.75
0,21500,COCONUTS,8092.0,55.0,8091.0,111.0,,,8094.0,166.0,,,,,8093.0,886.0
0,21600,COCONUTS,8092.0,165.0,,,,,8095.0,165.0,,,,,8093.5,823.75
0,21700,COCONUTS,8091.0,182.0,,,,,8094.0,182.0,,,,,8092.5,949.375
0,21800,COCONUTS,8092.0,73.0,8091.0,103.0,,,8094.0,176.0,,,,,8093.0,885.875
0,21900,COCONUTS,8092.0,194.0,,,,,8095.0,194.0,,,,,8093.5,823.375
0,22000,COCONUTS,8093.0,145.0,8092.0,100.0,,,8095.0,165.0,,,,,8094.0,745.875
0,22100,COCONUTS,8092.0,163.0,,,,,8095.0,163.0,,,,,8093.5,847.25
0,22200,COCONUTS,8091.0,195.0,,,,,8094.0,195.0,,,,,8092.5,979.125
0,22300,COCONUTS,8091.0,178.0,,,,,8094.0,178.0,,,,,8092.5,950.625
0,22400,COCONUTS,8091.0,159.0,,,,,8092.0,67.0,8094.0,159.0,,,8091.5,966.0
0,22500,COCONUTS,8092.0,182.0,,,,,8095.0,182.0,,,,,8093.5,798.875
0,22600,COCONUTS,8092.0,203.0,,,,,8095.0,203.0,,,,,8093.5,805.25
0,22700,COCONUTS,8092.0,194.0,,,,,8095.0,194.0,,,,,8093.5,828.375
0,22800,COCONUTS,8092.0,219.0,,,,,8095.0,219.0,,,,,8093.5,771.625
0,22900,COCONUTS,8092.0,41.0,8091.0,130.0,,,8094.0,171.0,,,,,8093.0,904.125
0,23000,COCONUTS,8091.0,192.0,,,,,8094.0,192.0,,,,,8092.5,945.5
0,23100,COCONUTS,8092.0,64.0,8091.0,190.0,,,8094.0,190.0,,,,,8093.0,962.875
0,23200,COCONUTS,8092.0,217.0,,,,,8095.0,217.0,,,,,8093.5,773.25
0,23300,COCONUTS,8093.0,49.0,8092.0,147.0,,,8095.0,196.0,,,,,8094.0,759.625
0,23400,COCONUTS,8093.0,162.0,,,,,8096.0,162.0,,,,,8094.5,662.0
0,23500,COCONUTS,8093.0,200.0,,,,,8095.0,60.0,8096.0,140.0,,,8094.0,718.875
0,23600,COCONUTS,8093.0,163.0,,,,,8096.0,163.0,,,,,8094.5,646.375
0,23700,COCONUTS,8093.0,71.0,8092.0,118.0,,,8095.0,189.0,,,,,8094.0,744.375
0,23800,COCONUTS,8094.0,88.0,8093.0,134.0,,,8096.0,181.0,,,,,8095.0,600.875
0,23900,COCONUTS,8093.0,171.0,,,,,8095.0,44.0,8096.0,127.0,,,8094.0,711.375
0,24000,COCONUTS,8094.0,67.0,8093.0,139.0,,,8096.0,206.0,,,,,8095.0,594.625
0,24100,COCONUTS,8093.0,160.0,,,,,8096.0,160.0,,,,,8094.5,662.625
0,24200,COCONUTS,8093.0,192.0,,,,,8096.0,192.0,,,,,8094.5,659.625
0,24300,COCONUTS,8094.0,59.0,8093.0,122.0,,,8096.0,59.0,8097.0,122.0,,,8095.0,574.125
0,24400,COCONUTS,8094.0,159.0,,,,,8097.0,159.0,,,,,8095.5,465.5
0,24500,COCONUTS,8094.0,219.0,,,,,8097.0,219.0,,,,,8095.5,497.25
0,24600,COCONUTS,8095.0,193.0,,,,,8098.0,193.0,,,,,8096.5,363.0
0,24700,COCONUTS,8096.0,62.0,8095.0,209.0,,,8098.0,209.0,,,,,8097.0,345.75
0,24800,COCONUTS,8095.0,158.0,,,,,8098.0,158.0,,,,,8096.5,378.0
0,24900,COCONUTS,8096.0,62.0,8095.0,131.0,,,8098.0,193.0,,,,,8097.0,265.875
0,25000,COCONUTS,8097.0,62.0,8096.0,138.0,,,8099.0,200.0,,,,,8098.0,115.625
0,25100,COCONUTS,8097.0,203.0,,,,,8099.0,68.0,8100.0,135.0,,,8098.0,77.25
0,25200,COCONUTS,8095.0,211.0,,,,,8098.0,211.0,,,,,8096.5,291.875
0,25300,COCONUTS,8095.0,177.0,,,,,8096.0,54.0,8098.0,177.0,,,8095.5,319.5
0,25400,COCONUTS,8094.0,161.0,,,,,8096.0,58.0,8097.0,103.0,,,8095.0,553.625
0,25500,COCONUTS,8095.0,172.0,,,,,8098.0,172.0,,,,,8096.5,377.375
0,25600,COCONUTS,8095.0,201.0,,,,,8097.0,56.0,8098.0,145.0,,,8096.0,399.875
0,25700,COCONUTS,8095.0,214.0,,,,,8098.0,214.0,,,,,8096.5,357.25
0,25800,COCONUTS,8095.0,163.0,,,,,8098.0,163.0,,,,,8096.5,325.375
0,25900,COCONUTS,8096.0,190.0,,,,,8097.0,50.0,8099.0,190.0,,,8096.5,188.875
0,26000,COCONUTS,8096.0,216.0,,,,,8099.0,216.0,,,,,8097.5,178.75
0,26100,COCONUTS,8096.0,58.0,8095.0,124.0,,,8098.0,58.0,8099.0,124.0,,,8097.0,256.75
0,26200,COCONUTS,8096.0,221.0,,,,,8099.0,221.0,,,,,8097.5,204.375
0,26300,COCONUTS,8097.0,168.0,,,,,8099.0,54.0,8100.0,114.0,,,8098.0,71.75
0,26400,COCONUTS,8098.0,69.0,8097.0,176.0,,,8100.0,176.0,,,,,8099.0,46.25
0,26500,COCONUTS,8097.0,217.0,,,,,8100.0,217.0,,,,,8098.5,45.875
0,26600,COCONUTS,8097.0,172.0,,,,,8100.0,172.0,,,,,8098.5,53.125
0,26700,COCONUTS,8097.0,195.0,,,,,8100.0,195.0,,,,,8098.5,33.5
0,26800,COCONUTS,8098.0,69.0,8097.0,224.0,,,8100.0,224.0,,,,,8099.0,16.875
0,26900,COCONUTS,8098.0,156.0,,,,,8100.0,55.0,8101.0,101.0,,,8099.0,-89.875
0,27000,COCONUTS,8099.0,162.0,,,,,8102.0,162.0,,,,,8100.5,-302.625
0,27100,COCONUTS,8099.0,68.0,8098.0,126.0,,,8101.0,194.0,,,,,8100.0,-209.75
0,27200,COCONUTS,8099.0,71.0,8098.0,100.0,,,8101.0,171.0,,,,,8100.0,-209.0
0,27300,COCONUTS,8100.0,45.0,8099.0,137.0,,,8102.0,182.0,,,,,8101.0,-352.875
0,27400,COCONUTS,8098.0,160.0,,,,,8101.0,160.0,,,,,8099.5,-137.5
0,27500,COCONUTS,8100.0,78.0,8099.0,125.0,,,8102.0,203.0,,,,,8101.0,-358.75
0,27600,COCONUTS,8100.0,193.0,,,,,8102.0,48.0,8103.0,145.0,,,8101.0,-399.125
0,27700,COCONUTS,8101.0,64.0,8100.0,216.0,,,8103.0,216.0,,,,,8102.0,-483.125
0,27800,COCONUTS,8100.0,213.0,,,,,8103.0,213.0,,,,,8101.5,-451.75
0,27900,COCONUTS,8101.0,162.0,,,,,8104.0,162.0,,,,,8102.5,-576.25
0,28000,COCONUTS,8101.0,172.0,,,,,8104.0,172.0,,,,,8102.5,-617.125
0,28100,COCONUTS,8101.0,210.0,,,,,8104.0,210.0,,,,,8102.5,-658.625
0,28200,COCONUTS,8101.0,154.0,,,,,8104.0,154.0,,,,,8102.5,-652.25
0,28300,COCONUTS,8101.0,184.0,,,,,8104.0,184.0,,,,,8102.5,-666.125
0,28400,COCONUTS,8101.0,5.0,8100.0,120.0,,,8103.0,175.0,,,,,8102.0,-555.375
0,28500,COCONUTS,8101.0,68.0,8100.0,103.0,,,8103.0,171.0,,,,,8102.0,-580.875
0,28600,COCONUTS,8100.0,56.0,8099.0,112.0,,,8102.0,168.0,,,,,8101.0,-354.125
0,28700,COCONUTS,8100.0,65.0,8099.0,137.0,,,8102.0,202.0,,,,,8101.0,-364.25
0,28800,COCONUTS,8102.0,65.0,8101.0,152.0,,,8103.0,40.0,8104.0,112.0,,,8102.5,-597.25
0,28900,COCONUTS,8101.0,196.0,,,,,8103.0,55.0,8104.0,141.0,,,8102.0,-592.625
0,29000,COCONUTS,8101.0,213.0,,,,,8102.0,67.0,8104.0,213.0,,,8101.5,-716.25
0,29100,COCONUTS,8101.0,226.0,,,,,8104.0,226.0,,,,,8102.5,-652.625
0,29200,COCONUTS,8100.0,193.0,,,,,8102.0,64.0,8103.0,129.0,,,8101.0,-385.375
0,29300,COCONUTS,8101.0,180.0,,,,,8104.0,180.0,,,,,8102.5,-694.25
0,29400,COCONUTS,8101.0,176.0,,,,,8104.0,176.0,,,,,8102.5,-657.375
0,29500,COCONUTS,8101.0,116.0,8100.0,140.0,,,8103.0,216.0,,,,,8102.0,-571.625
0,29600,COCONUTS,8100.0,202.0,,,,,8102.0,64.0,8103.0,138.0,,,8101.0,-414.5
0,29700,COCONUTS,8100.0,186.0,,,,,8103.0,186.0,,,,,8101.5,-478.5
0,29800,COCONUTS,8098.0,211.0,,,,,8101.0,211.0,,,,,8099.5,-115.25
0,29900,COCONUTS,8098.0,211.0,,,,,8100.0,76.0,8101.0,135.0,,,8099.0,6.0
0,30000,COCONUTS,8097.0,203.0,,,,,8100.0,203.0,,,,,8098.5,137.125
0,30100,COCONUTS,8099.0,191.0,,,,,8101.0,41.0,8102.0,150.0,,,8100.0,-190.0
0,30200,COCONUTS,8098.0,163.0,,,,,8101.0,163.0,,,,,8099.5,-86.375
0,30300,COCONUTS,8099.0,50.0,8098.0,101.0,,,8101.0,151.0,,,,,8100.0,-138.875
0,30400,COCONUTS,8099.0,175.0,,,,,8102.0,175.0,,,,,8100.5,-278.75
0,30500,COCONUTS,8100.0,188.0,,,,,8102.0,45.0,8103.0,143.0,,,8101.0,-385.375
0,30600,COCONUTS,8100.0,57.0,8099.0,132.0,,,8102.0,189.0,,,,,8101.0,-368.25
0,30700,COCONUTS,8099.0,195.0,,,,,8102.0,195.0,,,,,8100.5,-254.5
0,30800,COCONUTS,8099.0,151.0,,,,,8102.0,151.0,,,,,8100.5,-299.125
0,30900,COCONUTS,8100.0,190.0,,,,,8101.0,46.0,8103.0,190.0,,,8100.5,-431.5
0,31000,COCONUTS,8100.0,42.0,8099.0,150.0,,,8102.0,192.0,,,,,8101.0,-346.75
0,31100,COCONUTS,8099.0,165.0,,,,,8102.0,165.0,,,,,8100.5,-219.75
0,31200,COCONUTS,8097.0,203.0,,,,,8100.0,203.0,,,,,8098.5,98.25
0,31300,COCONUTS,8096.0,169.0,,,,,8099.0,169.0,,,,,8097.5,342.125
0,31400,COCONUTS,8098.0,71.0,8097.0,111.0,,,8100.0,182.0,,,,,8099.0,66.75
0,31500,COCONUTS,8097.0,209.0,,,,,8100.0,209.0,,,,,8098.5,84.125
0,31600,COCONUTS,8096.0,204.0,,,,,8099.0,204.0,,,,,8097.5,370.75
0,31700,COCONUTS,8094.0,189.0,,,,,8097.0,189.0,,,,,8095.5,821.125
0,31800,COCONUTS,8095.0,204.0,,,,,8097.0,80.0,8098.0,124.0,,,8096.0,639.75
0,31900,COCONUTS,8095.0,191.0,,,,,8097.0,44.0,8098.0,147.0,,,8096.0,648.875
0,32000,COCONUTS,8095.0,171.0,,,,,8098.0,171.0,,,,,8096.5,574.0
0,32100,COCONUTS,8094.0,170.0,,,,,8097.0,170.0,,,,,8095.5,735.625
0,32200,COCONUTS,8094.0,63.0,8093.0,121.0,,,8096.0,184.0,,,,,8095.0,882.75
0,32300,COCONUTS,8094.0,190.0,,,,,8096.0,67.0,8097.0,123.0,,,8095.0,841.5
0,32400,COCONUTS,8094.0,163.0,,,,,8097.0,163.0,,,,,8095.5,814.375
0,32500,COCONUTS,8093.0,214.0,,,,,8096.0,214.0,,,,,8094.5,932.375
0,32600,COCONUTS,8094.0,178.0,,,,,8097.0,178.0,,,,,8095.5,780.25
0,32700,COCONUTS,8092.0,181.0,,,,,8095.0,181.0,,,,,8093.5,1245.25
0,32800,COCONUTS,8091.0,193.0,,,,,8094.0,193.0,,,,,8092.5,1444.0
0,32900,COCONUTS,8091.0,192.0,,,,,8094.0,192.0,,,,,8092.5,1460.25
0,33000,COCONUTS,8091.0,180.0,,,,,8094.0,180.0,,,,,8092.5,1392.5
0,33100,COCONUTS,8090.0,192.0,,,,,8093.0,192.0,,,,,8091.5,1599.625
0,33200,COCONUTS,8091.0,176.0,,,,,8094.0,176.0,,,,,8092.5,1359.25
0,33300,COCONUTS,8092.0,114.0,8091.0,100.0,,,8094.0,170.0,,,,,8093.0,1296.25
0,33400,COCONUTS,8092.0,138.0,8091.0,132.0,,,8094.0,211.0,,,,,8093.0,1310.5
0,33500,COCONUTS,8091.0,69.0,8090.0,132.0,,,8093.0,69.0,8094.0,132.0,,,8092.0,1492.375
0,33600,COCONUTS,8091.0,71.0,8090.0,142.0,,,8093.0,213.0,,,,,8092.0,1494.75
0,33700,COCONUTS,8090.0,197.0,,,,,8093.0,197.0,,,,,8091.5,1664.75
0,33800,COCONUTS,8089.0,195.0,,,,,8092.0,195.0,,,,,8090.5,1820.5
0,33900,COCONUTS,8089.0,186.0,,,,,8092.0,186.0,,,,,8090.5,1820.25
0,34000,COCONUTS,8089.0,201.0,,,,,8092.0,201.0,,,,,8090.5,1811.5
0,34100,COCONUTS,8089.0,213.0,,,,,8092.0,213.0,,,,,8090.5,1803.125
0,34200,COCONUTS,8090.0,183.0,,,,,8093.0,183.0,,,,,8091.5,1646.25
0,34300,COCONUTS,8089.0,199.0,,,,,8092.0,199.0,,,,,8090.5,1887.5
0,34400,COCONUTS,8089.0,173.0,,,,,8091.0,69.0,8092.0,104.0,,,8090.0,1922.25
0,34500,COCONUTS,8088.0,159.0,,,,,8091.0,159.0,,,,,8089.5,1975.5
0,34600,COCONUTS,8089.0,203.0,,,,,8092.0,203.0,,,,,8090.5,1884.375
0,34700,COCONUTS,8090.0,210.0,,,,,8092.0,64.0,8093.0,146.0,,,8091.0,1671.375
0,34800,COCONUTS,8090.0,197.0,,,,,8093.0,197.0,,,,,8091.5,1645.875
0,34900,COCONUTS,8089.0,183.0,,,,,8092.0,183.0,,,,,8090.5,1847.75
0,35000,COCONUTS,8090.0,153.0,,,,,8093.0,153.0,,,,,8091.5,1618.0
0,35100,COCONUTS,8091.0,207.0,,,,,8092.0,73.0,8094.0,207.0,,,8091.5,1372.25
0,35200,COCONUTS,8092.0,64.0,8091.0,117.0,,,8094.0,64.0,8095.0,117.0,,,8093.0,1274.75
0,35300,COCONUTS,8091.0,180.0,,,,,8094.0,180.0,,,,,8092.5,1419.25
0,35400,COCONUTS,8091.0,206.0,,,,,8094.0,206.0,,,,,8092.5,1350.125
0,35500,COCONUTS,8092.0,47.0,8091.0,168.0,,,8094.0,168.0,,,,,8093.0,1407.5
0,35600,COCONUTS,8092.0,55.0,8091.0,145.0,,,8094.0,55.0,8095.0,145.0,,,8093.0,1273.375
0,35700,COCONUTS,8091.0,10.0,8090.0,144.0,,,8093.0,219.0,,,,,8092.0,1464.25
0,35800,COCONUTS,8091.0,178.0,,,,,8092.0,41.0,8094.0,178.0,,,8091.5,1371.75
0,35900,COCONUTS,8090.0,183.0,,,,,8093.0,183.0,,,,,8091.5,1506.0
0,36000,COCONUTS,8092.0,183.0,,,,,8094.0,78.0,8095.0,105.0,,,8093.0,1139.5
0,36100,COCONUTS,8091.0,179.0,,,,,8094.0,179.0,,,,,8092.5,1360.25
0,36200,COCONUTS,8090.0,165.0,,,,,8093.0,165.0,,,,,8091.5,1494.75
0,36300,COCONUTS,8091.0,185.0,,,,,8093.0,76.0,8094.0,109.0,,,8092.0,1383.5
0,36400,COCONUTS,8091.0,202.0,,,,,8094.0,202.0,,,,,8092.5,1260.5
0,36500,COCONUTS,8091.0,182.0,,,,,8093.0,44.0,8094.0,138.0,,,8092.0,1398.0
0,36600,COCONUTS,8091.0,202.0,,,,,8094.0,202.0,,,,,8092.5,1306.0
0,36700,COCONUTS,8091.0,194.0,,,,,8094.0,194.0,,,,,8092.5,1224.75
0,36800,COCONUTS,8093.0,53.0,8092.0,133.0,,,8095.0,186.0,,,,,8094.0,877.25
0,36900,COCONUTS,8091.0,190.0,,,,,8094.0,190.0,,,,,8092.5,1231.25
0,37000,COCONUTS,8093.0,145.0,,,,,8095.0,43.0,8096.0,102.0,,,8094.0,815.0
0,37100,COCONUTS,8092.0,200.0,,,,,8095.0,200.0,,,,,8093.5,987.0
0,37200,COCONUTS,8092.0,183.0,,,,,8095.0,183.0,,,,,8093.5,951.75
0,37300,COCONUTS,8092.0,172.0,,,,,8095.0,172.0,,,,,8093.5,955.5
0,37400,COCONUTS,8092.0,168.0,,,,,8094.0,45.0,8095.0,123.0,,,8093.0,1092.75
0,37500,COCONUTS,8091.0,175.0,,,,,8094.0,175.0,,,,,8092.5,1339.25
0,37600,COCONUTS,8091.0,191.0,,,,,8094.0,191.0,,,,,8092.5,1324.75
0,37700,COCONUTS,8091.0,140.0,,,,,8093.0,40.0,8094.0,100.0,,,8092.0,1403.5
0,37800,COCONUTS,8092.0,40.0,8091.0,147.0,,,8094.0,187.0,,,,,8093.0,1196.25
0,37900,COCONUTS,8092.0,177.0,,,,,8094.0,47.0,8095.0,130.0,,,8093.0,1093.25
0,38000,COCONUTS,8094.0,28.0,8092.0,176.0,,,8095.0,176.0,,,,,8094.5,973.25
0,38100,COCONUTS,8092.0,62.0,8091.0,100.0,,,8094.0,162.0,,,,,8093.0,1172.75
0,38200,COCONUTS,8092.0,155.0,,,,,8095.0,155.0,,,,,8093.5,1030.0
0,38300,COCONUTS,8092.0,45.0,8091.0,122.0,,,8094.0,167.0,,,,,8093.0,1192.75
0,38400,COCONUTS,8092.0,60.0,8091.0,132.0,,,8094.0,192.0,,,,,8093.0,1197.0
0,38500,COCONUTS,8091.0,179.0,,,,,8094.0,179.0,,,,,8092.5,1274.5
0,38600,COCONUTS,8091.0,57.0,8090.0,128.0,,,8093.0,185.0,,,,,8092.0,1461.25
0,38700,COCONUTS,8091.0,205.0,,,,,8094.0,205.0,,,,,8092.5,1283.5
0,38800,COCONUTS,8091.0,183.0,,,,,8094.0,183.0,,,,,8092.5,1247.5
0,38900,COCONUTS,8091.0,182.0,,,,,8093.0,68.0,8094.0,114.0,,,8092.0,1421.25
0,39000,COCONUTS,8091.0,176.0,,,,,8092.0,56.0,8094.0,176.0,,,8091.5,1245.5
0,39100,COCONUTS,8093.0,146.0,,,,,8095.0,46.0,8096.0,100.0,,,8094.0,814.0
0,39200,COCONUTS,8093.0,181.0,,,,,8096.0,181.0,,,,,8094.5,739.75
0,39300,COCONUTS,8093.0,73.0,8092.0,125.0,,,8095.0,198.0,,,,,8094.0,885.75
0,39400,COCONUTS,8094.0,151.0,,,,,8097.0,151.0,,,,,8095.5,520.25
0,39500,COCONUTS,8094.0,206.0,,,,,8096.0,65.0,8097.0,141.0,,,8095.0,570.25
0,39600,COCONUTS,8094.0,183.0,,,,,8097.0,183.0,,,,,8095.5,458.75
0,39700,COCONUTS,8094.0,203.0,,,,,8096.0,64.0,8097.0,139.0,,,8095.0,562.75
0,39800,COCONUTS,8094.0,195.0,,,,,8095.0,43.0,8096.0,47.0,8097.0,148.0,8094.5,521.0
0,39900,COCONUTS,8094.0,191.0,,,,,8097.0,191.0,,,,,8095.5,455.5
0,40000,COCONUTS,8094.0,62.0,8093.0,119.0,,,8096.0,181.0,,,,,8095.0,602.5
0,40100,COCONUTS,8094.0,202.0,,,,,8097.0,202.0,,,,,8095.5,370.5
0,40200,COCONUTS,8093.0,165.0,,,,,8096.0,165.0,,,,,8094.5,640.0
0,40300,COCONUTS,8093.0,80.0,8092.0,128.0,,,8095.0,208.0,,,,,8094.0,868.5
0,40400,COCONUTS,8092.0,204.0,,,,,8095.0,204.0,,,,,8093.5,1024.5
0,40500,COCONUTS,8093.0,155.0,,,,,8095.0,54.0,8096.0,101.0,,,8094.0,839.25
0,40600,COCONUTS,8092.0,197.0,,,,,8095.0,197.0,,,,,8093.5,1061.0
0,40700,COCONUTS,8091.0,190.0,,,,,8093.0,68.0,8094.0,122.0,,,8092.0,1420.25
0,40800,COCONUTS,8091.0,123.0,8090.0,104.0,,,8093.0,179.0,,,,,8092.0,1465.75
0,40900,COCONUTS,8091.0,179.0,,,,,8094.0,179.0,,,,,8092.5,1361.75
0,41000,COCONUTS,8091.0,57.0,8090.0,117.0,,,8093.0,174.0,,,,,8092.0,1437.5
0,41100,COCONUTS,8090.0,206.0,,,,,8093.0,206.0,,,,,8091.5,1625.0
0,41200,COCONUTS,8090.0,227.0,,,,,8093.0,227.0,,,,,8091.5,1633.25
0,41300,COCONUTS,8090.0,177.0,,,,,8092.0,68.0,8093.0,109.0,,,8091.0,1668.25
0,41400,COCONUTS,8090.0,80.0,8089.0,135.0,,,8092.0,215.0,,,,,8091.0,1728.75
0,41500,COCONUTS,8089.0,190.0,,,,,8092.0,190.0,,,,,8090.5,1814.5
0,41600,COCONUTS,8088.0,198.0,,,,,8091.0,198.0,,,,,8089.5,2140.0
0,41700,COCONUTS,8087.0,174.0,,,,,8090.0,174.0,,,,,8088.5,2371.5
0,41800,COCONUTS,8089.0,152.0,,,,,8091.0,40.0,8092.0,112.0,,,8090.0,1954.0
0,41900,COCONUTS,8089.0,192.0,,,,,8092.0,192.0,,,,,8090.5,1862.0
0,42000,COCONUTS,8090.0,185.0,,,,,8093.0,185.0,,,,,8091.5,1627.0
0,42100,COCONUTS,8092.0,198.0,,,,,8095.0,198.0,,,,,8093.5,1059.5
0,42200,COCONUTS,8093.0,212.0,,,,,8095.0,69.0,8096.0,143.0,,,8094.0,815.0
0,42300,COCONUTS,8093.0,59.0,8092.0,113.0,,,8095.0,59.0,8096.0,113.0,,,8094.0,856.0
0,42400,COCONUTS,8092.0,201.0,,,,,8095.0,201.0,,,,,8093.5,959.5
0,42500,COCONUTS,8093.0,201.0,,,,,8096.0,201.0,,,,,8094.5,779.0
0,42600,COCONUTS,8093.0,197.0,,,,,8095.0,58.0,8096.0,139.0,,,8094.0,844.5
0,42700,COCONUTS,8093.0,185.0,,,,,8096.0,185.0,,,,,8094.5,740.5
0,42800,COCONUTS,8093.0,206.0,,,,,8095.0,58.0,8096.0,148.0,,,8094.0,858.75
0,42900,COCONUTS,8092.0,50.0,8091.0,143.0,,,8094.0,193.0,,,,,8093.0,1170.25
0,43000,COCONUTS,8092.0,207.0,,,,,8095.0,207.0,,,,,8093.5,1046.0
0,43100,COCONUTS,8093.0,169.0,,,,,8096.0,169.0,,,,,8094.5,708.75
0,43200,COCONUTS,8093.0,159.0,,,,,8096.0,159.0,,,,,8094.5,763.5
0,43300,COCONUTS,8094.0,194.0,,,,,8096.0,54.0,8097.0,140.0,,,8095.0,549.5
0,43400,COCONUTS,8094.0,159.0,,,,,8097.0,159.0,,,,,8095.5,408.25
0,43500,COCONUTS,8094.0,181.0,,,,,8097.0,181.0,,,,,8095.5,416.25
0,43600,COCONUTS,8095.0,61.0,8094.0,134.0,,,8097.0,195.0,,,,,8096.0,287.5
0,43700,COCONUTS,8094.0,176.0,,,,,8097.0,176.0,,,,,8095.5,462.0
0,43800,COCONUTS,8095.0,51.0,8094.0,122.0,,,8097.0,173.0,,,,,8096.0,288.5
0,43900,COCONUTS,8096.0,57.0,8095.0,141.0,,,8098.0,198.0,,,,,8097.0,39.5
0,44000,COCONUTS,8095.0,155.0,,,,,8098.0,155.0,,,,,8096.5,109.5
0,44100,COCONUTS,8096.0,40.0,8095.0,123.0,,,8098.0,163.0,,,,,8097.0,24.75
0,44200,COCONUTS,8096.0,136.0,8095.0,100.0,,,8098.0,173.0,,,,,8097.0,0.25
0,44300,COCONUTS,8095.0,179.0,,,,,8098.0,179.0,,,,,8096.5,155.0
0,44400,COCONUTS,8095.0,225.0,,,,,8098.0,225.0,,,,,8096.5,92.25
0,44500,COCONUTS,8096.0,197.0,,,,,8099.0,197.0,,,,,8097.5,-104.25
0,44600,COCONUTS,8095.0,192.0,,,,,8098.0,192.0,,,,,8096.5,196.75
0,44700,COCONUTS,8095.0,185.0,,,,,8098.0,185.0,,,,,8096.5,227.25
0,44800,COCONUTS,8096.0,120.0,8095.0,137.0,,,8098.0,184.0,,,,,8097.0,-2.5
0,44900,COCONUTS,8096.0,49.0,8095.0,106.0,,,8098.0,155.0,,,,,8097.0,8.0
0,45000,COCONUTS,8096.0,66.0,8095.0,128.0,,,8098.0,194.0,,,,,8097.0,23.75
0,45100,COCONUTS,8096.0,174.0,,,,,8099.0,174.0,,,,,8097.5,-104.25
0,45200,COCONUTS,8096.0,65.0,8095.0,132.0,,,8098.0,197.0,,,,,8097.0,30.0
0,45300,COCONUTS,8096.0,170.0,,,,,8099.0,170.0,,,,,8097.5,-134.25
0,45400,COCONUTS,8097.0,100.0,8096.0,101.0,,,8099.0,158.0,,,,,8098.0,-292.5
0,45500,COCONUTS,8096.0,185.0,,,,,8099.0,185.0,,,,,8097.5,-182.0
0,45600,COCONUTS,8096.0,167.0,,,,,8099.0,167.0,,,,,8097.5,-98.75
0,45700,COCONUTS,8096.0,164.0,,,,,8099.0,164.0,,,,,8097.5,-211.5
0,45800,COCONUTS,8096.0,194.0,,,,,8098.0,64.0,8099.0,130.0,,,8097.0,-20.0
0,45900,COCONUTS,8096.0,197.0,,,,,8098.0,61.0,8099.0,136.0,,,8097.0,-47.0
0,46000,COCONUTS,8095.0,202.0,,,,,8098.0,202.0,,,,,8096.5,89.5
0,46100,COCONUTS,8094.0,183.0,,,,,8097.0,183.0,,,,,8095.5,377.0
0,46200,COCONUTS,8093.0,175.0,,,,,8096.0,175.0,,,,,8094.5,671.0
0,46300,COCONUTS,8094.0,175.0,,,,,8096.0,46.0,8097.0,129.0,,,8095.0,536.25
0,46400,COCONUTS,8094.0,194.0,,,,,8095.0,75.0,8096.0,54.0,8097.0,140.0,8094.5,546.25
0,46500,COCONUTS,8094.0,148.0,,,,,8097.0,148.0,,,,,8095.5,391.5
0,46600,COCONUTS,8095.0,41.0,8094.0,104.0,,,8097.0,145.0,,,,,8096.0,332.25
0,46700,COCONUTS,8096.0,75.0,8095.0,213.0,,,8097.0,71.0,8098.0,142.0,,,8096.5,231.0
0,46800,COCONUTS,8095.0,156.0,,,,,8098.0,156.0,,,,,8096.5,88.5
0,46900,COCONUTS,8095.0,192.0,,,,,8098.0,192.0,,,,,8096.5,63.25
0,47000,COCONUTS,8094.0,186.0,,,,,8095.0,79.0,8096.0,46.0,8097.0,140.0,8094.5,527.75
0,47100,COCONUTS,8094.0,209.0,,,,,8097.0,209.0,,,,,8095.5,359.75
0,47200,COCONUTS,8094.0,207.0,,,,,8097.0,207.0,,,,,8095.5,476.0
0,47300,COCONUTS,8094.0,192.0,,,,,8097.0,192.0,,,,,8095.5,453.0
0,47400,COCONUTS,8093.0,159.0,,,,,8096.0,159.0,,,,,8094.5,689.5
0,47500,COCONUTS,8092.0,60.0,8091.0,103.0,,,8094.0,163.0,,,,,8093.0,1181.25
0,47600,COCONUTS,8091.0,188.0,,,,,8094.0,188.0,,,,,8092.5,1300.5
0,47700,COCONUTS,8090.0,190.0,,,,,8093.0,190.0,,,,,8091.5,1523.0
0,47800,COCONUTS,8090.0,151.0,,,,,8093.0,151.0,,,,,8091.5,1514.0
0,47900,COCONUTS,8090.0,174.0,,,,,8093.0,174.0,,,,,8091.5,1641.25
0,48000,COCONUTS,8090.0,170.0,,,,,8093.0,170.0,,,,,8091.5,1578.5
0,48100,COCONUTS,8091.0,80.0,8090.0,140.0,,,8093.0,220.0,,,,,8092.0,1491.25
0,48200,COCONUTS,8089.0,189.0,,,,,8092.0,189.0,,,,,8090.5,1923.5
0,48300,COCONUTS,8090.0,144.0,8089.0,121.0,,,8092.0,200.0,,,,,8091.0,1765.0
0,48400,COCONUTS,8090.0,147.0,,,,,8093.0,147.0,,,,,8091.5,1509.0
0,48500,COCONUTS,8092.0,63.0,8091.0,148.0,,,8094.0,211.0,,,,,8093.0,1197.75
0,48600,COCONUTS,8091.0,175.0,,,,,8094.0,175.0,,,,,8092.5,1224.5
0,48700,COCONUTS,8090.0,161.0,,,,,8092.0,57.0,8093.0,104.0,,,8091.0,1713.75
0,48800,COCONUTS,8091.0,57.0,8090.0,139.0,,,8093.0,57.0,8094.0,139.0,,,8092.0,1448.25
0,48900,COCONUTS,8093.0,56.0,8092.0,190.0,,,8095.0,190.0,,,,,8094.0,1037.75
0,49000,COCONUTS,8092.0,177.0,,,,,8095.0,177.0,,,,,8093.5,1074.75
0,49100,COCONUTS,8092.0,169.0,,,,,8093.0,66.0,8095.0,169.0,,,8092.5,1095.0
0,49200,COCONUTS,8092.0,190.0,,,,,8094.0,42.0,8095.0,148.0,,,8093.0,1132.5
0,49300,COCONUTS,8092.0,68.0,8091.0,116.0,,,8094.0,184.0,,,,,8093.0,1190.0
0,49400,COCONUTS,8092.0,54.0,8091.0,135.0,,,8094.0,189.0,,,,,8093.0,1185.75
0,49500,COCONUTS,8092.0,68.0,8091.0,132.0,,,8094.0,200.0,,,,,8093.0,1195.25
0,49600,COCONUTS,8092.0,181.0,,,,,8095.0,181.0,,,,,8093.5,1082.0
0,49700,COCONUTS,8091.0,202.0,,,,,8094.0,202.0,,,,,8092.5,1354.25
0,49800,COCONUTS,8090.0,190.0,,,,,8093.0,190.0,,,,,8091.5,1534.5
0,49900,COCONUTS,8092.0,50.0,8091.0,175.0,,,8094.0,175.0,,,,,8093.0,1262.75
0,50000,COCONUTS,8092.0,182.0,,,,,8095.0,182.0,,,,,8093.5,1081.0
0,50100,COCONUTS,8093.0,189.0,,,,,8095.0,79.0,8096.0,110.0,,,8094.0,860.5
0,50200,COCONUTS,8093.0,48.0,8092.0,180.0,,,8095.0,180.0,,,,,8094.0,965.75
0,50300,COCONUTS,8092.0,166.0,,,,,8094.0,66.0,8095.0,100.0,,,8093.0,1131.25
0,50400,COCONUTS,8093.0,205.0,,,,,8094.0,49.0,8095.0,71.0,8096.0,134.0,8093.5,841.25
0,50500,COCONUTS,8094.0,183.0,,,,,8096.0,72.0,8097.0,111.0,,,8095.0,519.5
0,50600,COCONUTS,8093.0,119.0,,,,,8094.0,11.0,8096.0,179.0,,,8093.5,519.75
0,50700,COCONUTS,8093.0,186.0,,,,,8096.0,186.0,,,,,8094.5,777.25
0,50800,COCONUTS,8093.0,171.0,,,,,8096.0,171.0,,,,,8094.5,651.5
0,50900,COCONUTS,8093.0,53.0,8092.0,147.0,,,8095.0,200.0,,,,,8094.0,899.0
0,51000,COCONUTS,8092.0,204.0,,,,,8095.0,204.0,,,,,8093.5,1016.5
0,51100,COCONUTS,8091.0,161.0,,,,,8094.0,161.0,,,,,8092.5,1409.25
0,51200,COCONUTS,8092.0,63.0,8091.0,218.0,,,8093.0,79.0,8094.0,139.0,,,8092.5,1578.0
0,51300,COCONUTS,8092.0,209.0,,,,,8095.0,209.0,,,,,8093.5,1087.5
0,51400,COCONUTS,8093.0,55.0,8092.0,123.0,,,8095.0,178.0,,,,,8094.0,879.5
0,51500,COCONUTS,8094.0,175.0,,,,,8096.0,53.0,8097.0,122.0,,,8095.0,460.5
0,51600,COCONUTS,8094.0,172.0,,,,,8097.0,172.0,,,,,8095.5,357.5
0,51700,COCONUTS,8096.0,49.0,8095.0,181.0,,,8097.0,67.0,8098.0,114.0,,,8096.5,98.25
0,51800,COCONUTS,8093.0,152.0,,,,,8096.0,152.0,,,,,8094.5,598.0
0,51900,COCONUTS,8093.0,169.0,,,,,8096.0,169.0,,,,,8094.5,727.25
0,52000,COCONUTS,8093.0,201.0,,,,,8094.0,62.0,8095.0,63.0,8096.0,138.0,8093.5,832.0
0,52100,COCONUTS,8092.0,40.0,8091.0,125.0,,,8094.0,165.0,,,,,8093.0,1274.25
0,52200,COCONUTS,8091.0,200.0,,,,,8094.0,200.0,,,,,8092.5,1324.75
0,52300,COCONUTS,8092.0,183.0,,,,,8095.0,183.0,,,,,8093.5,1125.25
0,52400,COCONUTS,8093.0,208.0,,,,,8096.0,208.0,,,,,8094.5,678.5
0,52500,COCONUTS,8094.0,167.0,,,,,8097.0,167.0,,,,,8095.5,317.25
0,52600,COCONUTS,8094.0,191.0,,,,,8097.0,191.0,,,,,8095.5,314.25
0,52700,COCONUTS,8095.0,43.0,8094.0,175.0,,,8097.0,175.0,,,,,8096.0,410.0
0,52800,COCONUTS,8094.0,184.0,,,,,8097.0,184.0,,,,,8095.5,252.0
0,52900,COCONUTS,8094.0,215.0,,,,,8096.0,65.0,8097.0,150.0,,,8095.0,487.75
0,53000,COCONUTS,8095.0,214.0,,,,,8097.0,73.0,8098.0,141.0,,,8096.0,77.5
0,53100,COCONUTS,8095.0,190.0,,,,,8098.0,190.0,,,,,8096.5,-120.0
0,53200,COCONUTS,8095.0,202.0,,,,,8098.0,202.0,,,,,8096.5,-23.5
0,53300,COCONUTS,8095.0,179.0,,,,,8098.0,179.0,,,,,8096.5,-83.75
0,53400,COCONUTS,8095.0,177.0,,,,,8098.0,177.0,,,,,8096.5,14.0
0,53500,COCONUTS,8094.0,43.0,8093.0,108.0,,,8096.0,151.0,,,,,8095.0,513.25
0,53600,COCONUTS,8094.0,185.0,,,,,8096.0,73.0,8097.0,112.0,,,8095.0,496.5
0,53700,COCONUTS,8092.0,187.0,,,,,8095.0,187.0,,,,,8093.5,1075.0
0,53800,COCONUTS,8091.0,187.0,,,,,8094.0,187.0,,,,,8092.5,1398.0
0,53900,COCONUTS,8093.0,202.0,,,,,8095.0,65.0,8096.0,137.0,,,8094.0,844.25
0,54000,COCONUTS,8092.0,149.0,,,,,8093.0,80.0,8095.0,149.0,,,8092.5,1117.75
0,54100,COCONUTS,8092.0,164.0,,,,,8095.0,164.0,,,,,8093.5,1010.5
0,54200,COCONUTS,8093.0,153.0,,,,,8096.0,153.0,,,,,8094.5,771.0
0,54300,COCONUTS,8093.0,196.0,,,,,8096.0,196.0,,,,,8094.5,658.0
0,54400,COCONUTS,8093.0,180.0,,,,,8094.0,44.0,8096.0,180.0,,,8093.5,677.5
0,54500,COCONUTS,8092.0,133.0,,,,,8093.0,19.0,8095.0,193.0,,,8092.5,886.0
0,54600,COCONUTS,8093.0,201.0,,,,,8096.0,201.0,,,,,8094.5,674.5
0,54700,COCONUTS,8094.0,63.0,8093.0,134.0,,,8096.0,197.0,,,,,8095.0,462.25
0,54800,COCONUTS,8093.0,175.0,,,,,8096.0,175.0,,,,,8094.5,480.25
0,54900,COCONUTS,8095.0,47.0,8094.0,128.0,,,8097.0,175.0,,,,,8096.0,2.75
0,55000,COCONUTS,8094.0,180.0,,,,,8097.0,180.0,,,,,8095.5,129.25
0,55100,COCONUTS,8095.0,187.0,,,,,8096.0,74.0,8098.0,187.0,,,8095.5,-187.75
0,55200,COCONUTS,8095.0,49.0,8094.0,149.0,,,8097.0,198.0,,,,,8096.0,23.75
0,55300,COCONUTS,8094.0,153.0,,,,,8097.0,153.0,,,,,8095.5,261.0
0,55400,COCONUTS,8095.0,189.0,,,,,8097.0,75.0,8098.0,114.0,,,8096.0,-106.25
0,55500,COCONUTS,8094.0,173.0,,,,,8097.0,173.0,,,,,8095.5,250.0
0,55600,COCONUTS,8094.0,190.0,,,,,8097.0,190.0,,,,,8095.5,258.5
0,55700,COCONUTS,8093.0,65.0,8092.0,136.0,,,8095.0,201.0,,,,,8094.0,864.0
0,55800,COCONUTS,8093.0,166.0,,,,,8096.0,166.0,,,,,8094.5,608.0
0,55900,COCONUTS,8094.0,170.0,,,,,8096.0,45.0,8097.0,125.0,,,8095.0,316.75
0,56000,COCONUTS,8094.0,197.0,,,,,8097.0,197.0,,,,,8095.5,112.75
0,56100,COCONUTS,8093.0,164.0,,,,,8096.0,164.0,,,,,8094.5,497.75
0,56200,COCONUTS,8095.0,65.0,8094.0,143.0,,,8097.0,208.0,,,,,8096.0,27.0
0,56300,COCONUTS,8095.0,190.0,,,,,8097.0,43.0,8098.0,147.0,,,8096.0,-98.75
0,56400,COCONUTS,8096.0,51.0,8095.0,191.0,,,8098.0,191.0,,,,,8097.0,-137.25
0,56500,COCONUTS,8095.0,166.0,,,,,8098.0,166.0,,,,,8096.5,-322.5
0,56600,COCONUTS,8096.0,80.0,8095.0,183.0,,,8097.0,44.0,8098.0,139.0,,,8096.5,-54.25
0,56700,COCONUTS,8097.0,181.0,,,,,8100.0,181.0,,,,,8098.5,-993.25
0,56800,COCONUTS,8096.0,167.0,,,,,8099.0,167.0,,,,,8097.5,-730.25
0,56900,COCONUTS,8095.0,173.0,,,,,8098.0,173.0,,,,,8096.5,-125.0
0,57000,COCONUTS,8095.0,215.0,,,,,8098.0,215.0,,,,,8096.5,-126.25
0,57100,COCONUTS,8094.0,217.0,,,,,8097.0,217.0,,,,,8095.5,76.5
0,57200,COCONUTS,8095.0,176.0,,,,,8098.0,176.0,,,,,8096.5,-242.0
0,57300,COCONUTS,8095.0,204.0,,,,,8097.0,68.0,8098.0,136.0,,,8096.0,-56.25
0,57400,COCONUTS,8094.0,184.0,,,,,8097.0,184.0,,,,,8095.5,128.5
0,57500,COCONUTS,8094.0,225.0,,,,,8097.0,225.0,,,,,8095.5,264.5
0,57600,COCONUTS,8095.0,40.0,8094.0,136.0,,,8097.0,176.0,,,,,8096.0,4.75
0,57700,COCONUTS,8093.0,197.0,,,,,8095.0,78.0,8096.0,119.0,,,8094.0,780.0
0,57800,COCONUTS,8093.0,171.0,,,,,8095.0,55.0,8096.0,116.0,,,8094.0,766.5
0,57900,COCONUTS,8094.0,50.0,8093.0,136.0,,,8096.0,50.0,8097.0,136.0,,,8095.0,389.75
0,58000,COCONUTS,8094.0,188.0,,,,,8097.0,188.0,,,,,8095.5,113.75
0,58100,COCONUTS,8096.0,73.0,8095.0,133.0,,,8098.0,206.0,,,,,8097.0,-433.75
0,58200,COCONUTS,8095.0,218.0,,,,,8096.0,62.0,8098.0,218.0,,,8095.5,-202.75
0,58300,COCONUTS,8096.0,25.0,8095.0,41.0,8094.0,113.0,8097.0,154.0,,,,,8096.5,-3.0
0,58400,COCONUTS,8093.0,75.0,8092.0,118.0,,,8095.0,193.0,,,,,8094.0,900.0
0,58500,COCONUTS,8092.0,223.0,,,,,8095.0,223.0,,,,,8093.5,1006.75
0,58600,COCONUTS,8091.0,179.0,,,,,8094.0,179.0,,,,,8092.5,1436.25
0,58700,COCONUTS,8092.0,61.0,8091.0,138.0,,,8094.0,199.0,,,,,8093.0,1306.75
0,58800,COCONUTS,8092.0,136.0,,,,,8093.0,24.0,8095.0,180.0,,,8092.5,817.75
0,58900,COCONUTS,8093.0,195.0,,,,,8096.0,195.0,,,,,8094.5,633.5
0,59000,COCONUTS,8094.0,152.0,,,,,8096.0,51.0,8097.0,101.0,,,8095.0,183.0
0,59100,COCONUTS,8093.0,214.0,,,,,8096.0,214.0,,,,,8094.5,602.75
0,59200,COCONUTS,8094.0,142.0,,,,,8097.0,142.0,,,,,8095.5,-64.25
0,59300,COCONUTS,8094.0,185.0,,,,,8097.0,185.0,,,,,8095.5,-33.0
0,59400,COCONUTS,8095.0,174.0,,,,,8097.0,55.0,8098.0,119.0,,,8096.0,-275.25
0,59500,COCONUTS,8093.0,62.0,8092.0,129.0,,,8095.0,191.0,,,,,8094.0,779.25
0,59600,COCONUTS,8093.0,155.0,,,,,8096.0,155.0,,,,,8094.5,562.25
0,59700,COCONUTS,8092.0,197.0,,,,,8095.0,197.0,,,,,8093.5,1019.0
0,59800,COCONUTS,8092.0,199.0,,,,,8094.0,72.0,8095.0,127.0,,,8093.0,1235.75
0,59900,COCONUTS,8091.0,68.0,8090.0,143.0,,,8093.0,211.0,,,,,8092.0,1847.75
0,60000,COCONUTS,8090.0,212.0,,,,,8093.0,212.0,,,,,8091.5,2047.75
0,60100,COCONUTS,8090.0,184.0,,,,,8093.0,184.0,,,,,8091.5,2065.0
0,60200,COCONUTS,8090.0,80.0,8089.0,146.0,,,8092.0,80.0,8093.0,146.0,,,8091.0,2271.0
0,60300,COCONUTS,8089.0,75.0,8088.0,107.0,,,8091.0,182.0,,,,,8090.0,2822.75
0,60400,COCONUTS,8089.0,178.0,,,,,8091.0,74.0,8092.0,104.0,,,8090.0,2738.0
0,60500,COCONUTS,8089.0,177.0,,,,,8091.0,56.0,8092.0,121.0,,,8090.0,2684.75
0,60600,COCONUTS,8089.0,177.0,,,,,8091.0,55.0,8092.0,122.0,,,8090.0,2719.25
0,60700,COCONUTS,8091.0,66.0,8090.0,110.0,,,8093.0,176.0,,,,,8092.0,1831.25
0,60800,COCONUTS,8091.0,193.0,,,,,8094.0,193.0,,,,,8092.5,1556.25
0,60900,COCONUTS,8091.0,178.0,,,,,8094.0,178.0,,,,,8092.5,1502.75
0,61000,COCONUTS,8090.0,172.0,,,,,8093.0,172.0,,,,,8091.5,1951.5
0,61100,COCONUTS,8091.0,4.0,8090.0,127.0,,,8093.0,205.0,,,,,8092.0,1761.5
0,61200,COCONUTS,8090.0,207.0,,,,,8093.0,207.0,,,,,8091.5,2001.5
0,61300,COCONUTS,8090.0,171.0,,,,,8093.0,171.0,,,,,8091.5,2085.5
0,61400,COCONUTS,8091.0,195.0,,,,,8094.0,195.0,,,,,8092.5,1564.5
0,61500,COCONUTS,8091.0,177.0,,,,,8093.0,69.0,8094.0,108.0,,,8092.0,1652.0
0,61600,COCONUTS,8092.0,64.0,8091.0,139.0,,,8094.0,203.0,,,,,8093.0,1208.0
0,61700,COCONUTS,8092.0,180.0,,,,,8095.0,180.0,,,,,8093.5,798.5
0,61800,COCONUTS,8092.0,176.0,,,,,8095.0,176.0,,,,,8093.5,734.0
0,61900,COCONUTS,8094.0,44.0,8093.0,118.0,,,8096.0,162.0,,,,,8095.0,68.0
0,62000,COCONUTS,8092.0,50.0,8091.0,100.0,,,8094.0,150.0,,,,,8093.0,1160.0
0,62100,COCONUTS,8092.0,182.0,,,,,8095.0,182.0,,,,,8093.5,930.5
0,62200,COCONUTS,8092.0,101.0,8091.0,139.0,,,8094.0,50.0,8095.0,139.0,,,8093.0,1123.0
0,62300,COCONUTS,8092.0,173.0,,,,,8095.0,173.0,,,,,8093.5,876.5
0,62400,COCONUTS,8093.0,77.0,8092.0,127.0,,,8095.0,204.0,,,,,8094.0,613.5
0,62500,COCONUTS,8094.0,195.0,,,,,8096.0,73.0,8097.0,122.0,,,8095.0,-75.5
0,62600,COCONUTS,8094.0,53.0,8093.0,136.0,,,8096.0,189.0,,,,,8095.0,20.0
0,62700,COCONUTS,8095.0,42.0,8094.0,174.0,,,8096.0,48.0,8097.0,126.0,,,8095.5,-136.0
0,62800,COCONUTS,8095.0,195.0,,,,,8098.0,195.0,,,,,8096.5,-828.0
0,62900,COCONUTS,8096.0,79.0,8095.0,110.0,,,8098.0,189.0,,,,,8097.0,-1103.5
0,63000,COCONUTS,8096.0,45.0,8095.0,108.0,,,8098.0,153.0,,,,,8097.0,-1117.0
0,63100,COCONUTS,8095.0,164.0,,,,,8098.0,164.0,,,,,8096.5,-1024.5
0,63200,COCONUTS,8094.0,164.0,,,,,8097.0,164.0,,,,,8095.5,-490.0
0,63300,COCONUTS,8095.0,203.0,,,,,8098.0,203.0,,,,,8096.5,-908.0
0,63400,COCONUTS,8094.0,141.0,,,,,8096.0,41.0,8097.0,100.0,,,8095.0,-82.5
0,63500,COCONUTS,8094.0,174.0,,,,,8096.0,71.0,8097.0,103.0,,,8095.0,-66.0
0,63600,COCONUTS,8094.0,156.0,,,,,8097.0,156.0,,,,,8095.5,-447.0
0,63700,COCONUTS,8094.0,193.0,,,,,8097.0,193.0,,,,,8095.5,-376.5
0,63800,COCONUTS,8094.0,184.0,,,,,8097.0,184.0,,,,,8095.5,-363.0
0,63900,COCONUTS,8092.0,209.0,,,,,8095.0,209.0,,,,,8093.5,882.5
0,64000,COCONUTS,8093.0,213.0,,,,,8095.0,70.0,8096.0,143.0,,,8094.0,499.5
0,64100,COCONUTS,8092.0,181.0,,,,,8095.0,181.0,,,,,8093.5,714.5
0,64200,COCONUTS,8093.0,48.0,8092.0,125.0,,,8095.0,173.0,,,,,8094.0,598.5
0,64300,COCONUTS,8093.0,213.0,,,,,8096.0,213.0,,,,,8094.5,264.5
0,64400,COCONUTS,8095.0,59.0,8094.0,165.0,,,8097.0,165.0,,,,,8096.0,-217.5
0,64500,COCONUTS,8094.0,165.0,,,,,8096.0,64.0,8097.0,101.0,,,8095.0,-25.5
0,64600,COCONUTS,8093.0,197.0,,,,,8096.0,197.0,,,,,8094.5,137.5
0,64700,COCONUTS,8094.0,59.0,8093.0,104.0,,,8096.0,59.0,8097.0,104.0,,,8095.0,-22.0
0,64800,COCONUTS,8093.0,182.0,,,,,8096.0,182.0,,,,,8094.5,98.5
0,64900,COCONUTS,8093.0,211.0,,,,,8094.0,67.0,8096.0,211.0,,,8093.5,397.0
0,65000,COCONUTS,8092.0,155.0,,,,,8095.0,155.0,,,,,8093.5,775.0
0,65100,COCONUTS,8094.0,181.0,,,,,8097.0,181.0,,,,,8095.5,-203.0
0,65200,COCONUTS,8094.0,202.0,,,,,8097.0,202.0,,,,,8095.5,-137.0
0,65300,COCONUTS,8095.0,149.0,,,,,8098.0,149.0,,,,,8096.5,-992.5
0,65400,COCONUTS,8095.0,66.0,8094.0,172.0,,,8097.0,172.0,,,,,8096.0,-449.5
0,65500,COCONUTS,8094.0,194.0,,,,,8097.0,194.0,,,,,8095.5,-375.0
0,65600,COCONUTS,8095.0,71.0,8094.0,150.0,,,8097.0,221.0,,,,,8096.0,-559.0
0,65700,COCONUTS,8096.0,174.0,,,,,8097.0,49.0,8098.0,42.0,8099.0,132.0,8096.5,-1271.5
0,65800,COCONUTS,8097.0,183.0,,,,,8100.0,183.0,,,,,8098.5,-2005.0
0,65900,COCONUTS,8096.0,41.0,8095.0,132.0,,,8098.0,173.0,,,,,8097.0,-1163.0
0,66000,COCONUTS,8095.0,176.0,,,,,8098.0,176.0,,,,,8096.5,-762.0
0,66100,COCONUTS,8094.0,168.0,,,,,8097.0,168.0,,,,,8095.5,-263.5
0,66200,COCONUTS,8095.0,167.0,,,,,8098.0,167.0,,,,,8096.5,-722.5
0,66300,COCONUTS,8095.0,174.0,,,,,8098.0,174.0,,,,,8096.5,-963.5
0,66400,COCONUTS,8096.0,157.0,,,,,8099.0,157.0,,,,,8097.5,-1423.0
0,66500,COCONUTS,8096.0,207.0,,,,,8099.0,207.0,,,,,8097.5,-1417.0
0,66600,COCONUTS,8096.0,177.0,,,,,8098.0,74.0,8099.0,103.0,,,8097.0,-1234.5
0,66700,COCONUTS,8095.0,188.0,,,,,8098.0,188.0,,,,,8096.5,-1069.5
0,66800,COCONUTS,8096.0,193.0,,,,,8098.0,55.0,8099.0,138.0,,,8097.0,-1271.0
0,66900,COCONUTS,8097.0,182.0,,,,,8100.0,182.0,,,,,8098.5,-1933.0
0,67000,COCONUTS,8098.0,42.0,8097.0,127.0,,,8100.0,169.0,,,,,8099.0,-2368.5
0,67100,COCONUTS,8098.0,186.0,,,,,8100.0,49.0,8101.0,137.0,,,8099.0,-2440.0
0,67200,COCONUTS,8098.0,74.0,8097.0,118.0,,,8100.0,192.0,,,,,8099.0,-2334.5
0,67300,COCONUTS,8098.0,180.0,,,,,8101.0,180.0,,,,,8099.5,-2636.0
0,67400,COCONUTS,8098.0,184.0,,,,,8101.0,184.0,,,,,8099.5,-2889.5
0,67500,COCONUTS,8099.0,172.0,,,,,8102.0,172.0,,,,,8100.5,-3190.0
0,67600,COCONUTS,8098.0,153.0,,,,,8100.0,40.0,8101.0,113.0,,,8099.0,-2443.0
0,67700,COCONUTS,8098.0,206.0,,,,,8101.0,206.0,,,,,8099.5,-2763.0
0,67800,COCONUTS,8099.0,190.0,,,,,8102.0,190.0,,,,,8100.5,-3236.5
0,67900,COCONUTS,8098.0,215.0,,,,,8101.0,215.0,,,,,8099.5,-2710.5
0,68000,COCONUTS,8098.0,189.0,,,,,8101.0,189.0,,,,,8099.5,-2743.0
0,68100,COCONUTS,8099.0,52.0,8098.0,179.0,,,8101.0,179.0,,,,,8100.0,-2680.5
0,68200,COCONUTS,8097.0,164.0,,,,,8098.0,52.0,8100.0,164.0,,,8097.5,-2165.5
0,68300,COCONUTS,8097.0,181.0,,,,,8100.0,181.0,,,,,8098.5,-2255.0
0,68400,COCONUTS,8098.0,40.0,8097.0,140.0,,,8100.0,40.0,8101.0,140.0,,,8099.0,-2407.5
0,68500,COCONUTS,8097.0,152.0,,,,,8100.0,152.0,,,,,8098.5,-2239.5
0,68600,COCONUTS,8099.0,56.0,8098.0,130.0,,,8101.0,186.0,,,,,8100.0,-2957.5
0,68700,COCONUTS,8098.0,169.0,,,,,8101.0,169.0,,,,,8099.5,-2645.0
0,68800,COCONUTS,8098.0,182.0,,,,,8101.0,182.0,,,,,8099.5,-2729.0
0,68900,COCONUTS,8098.0,184.0,,,,,8101.0,184.0,,,,,8099.5,-2755.0
0,69000,COCONUTS,8097.0,188.0,,,,,8100.0,188.0,,,,,8098.5,-2069.5
0,69100,COCONUTS,8097.0,213.0,,,,,8100.0,213.0,,,,,8098.5,-2178.5
0,69200,COCONUTS,8098.0,166.0,,,,,8100.0,49.0,8101.0,117.0,,,8099.0,-2456.5
0,69300,COCONUTS,8097.0,188.0,,,,,8100.0,188.0,,,,,8098.5,-2173.5
0,69400,COCONUTS,8096.0,223.0,,,,,8099.0,223.0,,,,,8097.5,-1497.5
0,69500,COCONUTS,8096.0,69.0,8095.0,148.0,,,8098.0,69.0,8099.0,148.0,,,8097.0,-1213.5
0,69600,COCONUTS,8096.0,74.0,8095.0,130.0,,,8098.0,204.0,,,,,8097.0,-1103.0
0,69700,COCONUTS,8095.0,209.0,,,,,8098.0,209.0,,,,,8096.5,-739.0
0,69800,COCONUTS,8095.0,220.0,,,,,8098.0,220.0,,,,,8096.5,-976.0
0,69900,COCONUTS,8094.0,78.0,8093.0,104.0,,,8096.0,182.0,,,,,8095.0,30.5
0,70000,COCONUTS,8093.0,69.0,8092.0,149.0,,,8095.0,218.0,,,,,8094.0,679.0
0,70100,COCONUTS,8092.0,149.0,,,,,8095.0,149.0,,,,,8093.5,959.0
0,70200,COCONUTS,8092.0,217.0,,,,,8094.0,78.0,8095.0,139.0,,,8093.0,1161.5
0,70300,COCONUTS,8092.0,66.0,8091.0,142.0,,,8094.0,66.0,8095.0,142.0,,,8093.0,1193.5
0,70400,COCONUTS,8092.0,191.0,,,,,8093.0,43.0,8095.0,191.0,,,8092.5,732.5
0,70500,COCONUTS,8092.0,199.0,,,,,8095.0,199.0,,,,,8093.5,916.0
0,70600,COCONUTS,8093.0,173.0,,,,,8096.0,173.0,,,,,8094.5,360.5
0,70700,COCONUTS,8092.0,179.0,,,,,8095.0,179.0,,,,,8093.5,961.0
0,70800,COCONUTS,8093.0,163.0,,,,,8096.0,163.0,,,,,8094.5,414.0
0,70900,COCONUTS,8094.0,71.0,8093.0,186.0,,,8096.0,186.0,,,,,8095.0,376.5
0,71000,COCONUTS,8093.0,45.0,8092.0,145.0,,,8095.0,190.0,,,,,8094.0,641.5
0,71100,COCONUTS,8093.0,166.0,,,,,8096.0,166.0,,,,,8094.5,381.0
0,71200,COCONUTS,8093.0,68.0,8092.0,141.0,,,8095.0,209.0,,,,,8094.0,638.0
0,71300,COCONUTS,8094.0,174.0,,,,,8096.0,61.0,8097.0,113.0,,,8095.0,-78.5
0,71400,COCONUTS,8093.0,159.0,,,,,8096.0,159.0,,,,,8094.5,324.5
0,71500,COCONUTS,8094.0,223.0,,,,,8097.0,223.0,,,,,8095.5,-131.0
0,71600,COCONUTS,8093.0,70.0,8092.0,134.0,,,8095.0,204.0,,,,,8094.0,642.0
0,71700,COCONUTS,8094.0,61.0,8093.0,141.0,,,8096.0,202.0,,,,,8095.0,13.0
0,71800,COCONUTS,8096.0,47.0,8095.0,185.0,,,8098.0,185.0,,,,,8097.0,-908.0
0,71900,COCONUTS,8095.0,60.0,8094.0,121.0,,,8097.0,181.0,,,,,8096.0,-533.5
0,72000,COCONUTS,8096.0,201.0,,,,,8098.0,62.0,8099.0,139.0,,,8097.0,-1290.5
0,72100,COCONUTS,8097.0,51.0,8096.0,104.0,,,8099.0,155.0,,,,,8098.0,-1793.5
0,72200,COCONUTS,8096.0,165.0,,,,,8099.0,165.0,,,,,8097.5,-1634.5
0,72300,COCONUTS,8097.0,181.0,,,,,8100.0,181.0,,,,,8098.5,-1941.0
0,72400,COCONUTS,8097.0,161.0,,,,,8100.0,161.0,,,,,8098.5,-2243.0
0,72500,COCONUTS,8098.0,198.0,,,,,8101.0,198.0,,,,,8099.5,-2713.5
0,72600,COCONUTS,8100.0,190.0,,,,,8103.0,190.0,,,,,8101.5,-3850.0
0,72700,COCONUTS,8100.0,174.0,,,,,8102.0,70.0,8103.0,104.0,,,8101.0,-3650.0
0,72800,COCONUTS,8098.0,180.0,,,,,8101.0,180.0,,,,,8099.5,-2757.5
0,72900,COCONUTS,8099.0,195.0,,,,,8102.0,195.0,,,,,8100.5,-3248.0
0,73000,COCONUTS,8099.0,77.0,8098.0,142.0,,,8101.0,219.0,,,,,8100.0,-2962.0
0,73100,COCONUTS,8099.0,213.0,,,,,8101.0,67.0,8102.0,146.0,,,8100.0,-3041.0
0,73200,COCONUTS,8099.0,229.0,,,,,8102.0,229.0,,,,,8100.5,-3206.0
0,73300,COCONUTS,8100.0,77.0,8099.0,186.0,,,8102.0,186.0,,,,,8101.0,-3231.0
0,73400,COCONUTS,8099.0,154.0,,,,,8102.0,154.0,,,,,8100.5,-3320.0
0,73500,COCONUTS,8099.0,199.0,,,,,8101.0,51.0,8102.0,148.0,,,8100.0,-3113.5
0,73600,COCONUTS,8099.0,199.0,,,,,8101.0,60.0,8102.0,139.0,,,8100.0,-3129.5
0,73700,COCONUTS,8098.0,191.0,,,,,8100.0,61.0,8101.0,130.0,,,8099.0,-2487.0
0,73800,COCONUTS,8097.0,71.0,8096.0,100.0,,,8099.0,171.0,,,,,8098.0,-1743.0
0,73900,COCONUTS,8097.0,159.0,,,,,8100.0,159.0,,,,,8098.5,-1990.0
0,74000,COCONUTS,8096.0,49.0,8095.0,140.0,,,8098.0,189.0,,,,,8097.0,-1074.5
0,74100,COCONUTS,8097.0,78.0,8096.0,168.0,,,8099.0,168.0,,,,,8098.0,-1425.0
0,74200,COCONUTS,8098.0,58.0,8097.0,173.0,,,8099.0,69.0,8100.0,104.0,,,8098.5,-1824.0
0,74300,COCONUTS,8097.0,78.0,8096.0,122.0,,,8099.0,200.0,,,,,8098.0,-1690.5
0,74400,COCONUTS,8097.0,183.0,,,,,8100.0,183.0,,,,,8098.5,-1963.0
0,74500,COCONUTS,8097.0,178.0,,,,,8098.0,77.0,8100.0,178.0,,,8097.5,-2103.0
0,74600,COCONUTS,8097.0,45.0,8096.0,182.0,,,8099.0,182.0,,,,,8098.0,-1582.0
0,74700,COCONUTS,8095.0,201.0,,,,,8098.0,201.0,,,,,8096.5,-1048.0
0,74800,COCONUTS,8096.0,202.0,,,,,8099.0,202.0,,,,,8097.5,-1357.0
0,74900,COCONUTS,8097.0,218.0,,,,,8099.0,71.0,8100.0,147.0,,,8098.0,-1904.5
0,75000,COCONUTS,8097.0,197.0,,,,,8100.0,197.0,,,,,8098.5,-2142.5
0,75100,COCONUTS,8097.0,218.0,,,,,8099.0,71.0,8100.0,147.0,,,8098.0,-1896.0
0,75200,COCONUTS,8097.0,209.0,,,,,8100.0,209.0,,,,,8098.5,-2125.0
0,75300,COCONUTS,8098.0,187.0,,,,,8100.0,60.0,8101.0,127.0,,,8099.0,-2509.5
0,75400,COCONUTS,8098.0,44.0,8097.0,141.0,,,8100.0,185.0,,,,,8099.0,-2364.5
0,75500,COCONUTS,8098.0,40.0,8097.0,174.0,,,8100.0,174.0,,,,,8099.0,-2143.0
0,75600,COCONUTS,8097.0,219.0,,,,,8100.0,219.0,,,,,8098.5,-2027.0
0,75700,COCONUTS,8096.0,175.0,,,,,8099.0,175.0,,,,,8097.5,-1315.5
0,75800,COCONUTS,8095.0,164.0,,,,,8098.0,164.0,,,,,8096.5,-874.5
0,75900,COCONUTS,8096.0,80.0,8095.0,104.0,,,8098.0,184.0,,,,,8097.0,-1081.0
0,76000,COCONUTS,8096.0,183.0,,,,,8099.0,183.0,,,,,8097.5,-1533.5
0,76100,COCONUTS,8096.0,55.0,8095.0,122.0,,,8098.0,55.0,8099.0,122.0,,,8097.0,-1175.0
0,76200,COCONUTS,8095.0,204.0,,,,,8098.0,204.0,,,,,8096.5,-817.5
0,76300,COCONUTS,8097.0,75.0,8096.0,172.0,,,8099.0,172.0,,,,,8098.0,-1407.5
0,76400,COCONUTS,8098.0,169.0,,,,,8099.0,54.0,8100.0,42.0,8101.0,127.0,8098.5,-2457.5
0,76500,COCONUTS,8097.0,46.0,8096.0,120.0,,,8099.0,166.0,,,,,8098.0,-1777.5
0,76600,COCONUTS,8096.0,201.0,,,,,8099.0,201.0,,,,,8097.5,-1397.5
0,76700,COCONUTS,8097.0,198.0,,,,,8099.0,62.0,8100.0,136.0,,,8098.0,-1903.5
0,76800,COCONUTS,8098.0,187.0,,,,,8101.0,187.0,,,,,8099.5,-2662.0
0,76900,COCONUTS,8098.0,202.0,,,,,8101.0,202.0,,,,,8099.5,-2727.0
0,77000,COCONUTS,8099.0,193.0,,,,,8101.0,65.0,8102.0,128.0,,,8100.0,-3104.5
0,77100,COCONUTS,8098.0,222.0,,,,,8101.0,222.0,,,,,8099.5,-2858.0
0,77200,COCONUTS,8100.0,206.0,,,,,8103.0,206.0,,,,,8101.5,-3858.0
0,77300,COCONUTS,8100.0,202.0,,,,,8102.0,77.0,8103.0,125.0,,,8101.0,-3759.0
0,77400,COCONUTS,8101.0,181.0,,,,,8104.0,181.0,,,,,8102.5,-4545.5
0,77500,COCONUTS,8101.0,57.0,8100.0,143.0,,,8103.0,200.0,,,,,8102.0,-4194.0
0,77600,COCONUTS,8100.0,202.0,,,,,8103.0,202.0,,,,,8101.5,-4025.5
0,77700,COCONUTS,8101.0,195.0,,,,,8103.0,61.0,8104.0,134.0,,,8102.0,-4334.5
0,77800,COCONUTS,8101.0,183.0,,,,,8104.0,183.0,,,,,8102.5,-4722.5
0,77900,COCONUTS,8102.0,67.0,8101.0,192.0,,,8104.0,192.0,,,,,8103.0,-4669.0
0,78000,COCONUTS,8101.0,207.0,,,,,8102.0,42.0,8104.0,207.0,,,8101.5,-4468.5
0,78100,COCONUTS,8102.0,226.0,,,,,8105.0,226.0,,,,,8103.5,-5082.5
0,78200,COCONUTS,8102.0,194.0,,,,,8105.0,194.0,,,,,8103.5,-5069.5
0,78300,COCONUTS,8101.0,151.0,,,,,8104.0,151.0,,,,,8102.5,-4676.0
0,78400,COCONUTS,8102.0,213.0,,,,,8105.0,213.0,,,,,8103.5,-5200.5
0,78500,COCONUTS,8101.0,183.0,,,,,8104.0,183.0,,,,,8102.5,-4442.5
0,78600,COCONUTS,8102.0,42.0,8101.0,135.0,,,8104.0,177.0,,,,,8103.0,-4785.5
0,78700,COCONUTS,8102.0,180.0,,,,,8104.0,52.0,8105.0,128.0,,,8103.0,-4963.5
0,78800,COCONUTS,8102.0,51.0,8101.0,143.0,,,8104.0,194.0,,,,,8103.0,-4874.0
0,78900,COCONUTS,8102.0,165.0,,,,,8105.0,165.0,,,,,8103.5,-5283.5
0,79000,COCONUTS,8102.0,196.0,,,,,8105.0,196.0,,,,,8103.5,-5113.0
0,79100,COCONUTS,8101.0,137.0,,,,,8102.0,4.0,8104.0,188.0,,,8101.5,-4896.0
0,79200,COCONUTS,8102.0,187.0,,,,,8105.0,187.0,,,,,8103.5,-5337.0
0,79300,COCONUTS,8102.0,186.0,,,,,8103.0,41.0,8105.0,186.0,,,8102.5,-5139.0
0,79400,COCONUTS,8102.0,176.0,,,,,8104.0,74.0,8105.0,102.0,,,8103.0,-5042.0
0,79500,COCONUTS,8101.0,203.0,,,,,8104.0,203.0,,,,,8102.5,-4701.5
0,79600,COCONUTS,8101.0,40.0,8100.0,119.0,,,8103.0,40.0,8104.0,119.0,,,8102.0,-4269.5
0,79700,COCONUTS,8100.0,178.0,,,,,8103.0,178.0,,,,,8101.5,-3969.5
0,79800,COCONUTS,8102.0,48.0,8101.0,108.0,,,8104.0,48.0,8105.0,108.0,,,8103.0,-4954.0
0,79900,COCONUTS,8102.0,191.0,,,,,8105.0,191.0,,,,,8103.5,-5178.5
0,80000,COCONUTS,8102.0,196.0,,,,,8105.0,196.0,,,,,8103.5,-5471.5
0,80100,COCONUTS,8102.0,190.0,,,,,8105.0,190.0,,,,,8103.5,-5197.5
0,80200,COCONUTS,8103.0,183.0,,,,,8106.0,183.0,,,,,8104.5,-5877.5
0,80300,COCONUTS,8103.0,61.0,8102.0,146.0,,,8105.0,207.0,,,,,8104.0,-5505.0
0,80400,COCONUTS,8103.0,76.0,8102.0,207.0,,,8105.0,207.0,,,,,8104.0,-5411.0
0,80500,COCONUTS,8103.0,205.0,,,,,8106.0,205.0,,,,,8104.5,-6001.0
0,80600,COCONUTS,8102.0,194.0,,,,,8105.0,194.0,,,,,8103.5,-5466.0
0,80700,COCONUTS,8104.0,72.0,8103.0,101.0,,,8106.0,173.0,,,,,8105.0,-6231.5
0,80800,COCONUTS,8103.0,212.0,,,,,8106.0,212.0,,,,,8104.5,-5827.0
0,80900,COCONUTS,8103.0,218.0,,,,,8104.0,70.0,8106.0,218.0,,,8103.5,-6124.5
0,81000,COCONUTS,8103.0,177.0,,,,,8105.0,75.0,8106.0,102.0,,,8104.0,-5707.5
0,81100,COCONUTS,8103.0,78.0,8102.0,121.0,,,8105.0,199.0,,,,,8104.0,-5563.0
0,81200,COCONUTS,8104.0,198.0,,,,,8107.0,198.0,,,,,8105.5,-6731.0
0,81300,COCONUTS,8103.0,188.0,,,,,8106.0,188.0,,,,,8104.5,-6056.5
0,81400,COCONUTS,8104.0,44.0,8103.0,128.0,,,8105.0,53.0,8106.0,44.0,8107.0,128.0,8104.5,-6298.0
0,81500,COCONUTS,8105.0,207.0,,,,,8107.0,63.0,8108.0,144.0,,,8106.0,-7052.0
0,81600,COCONUTS,8105.0,216.0,,,,,8107.0,79.0,8108.0,137.0,,,8106.0,-7010.0
0,81700,COCONUTS,8105.0,197.0,,,,,8108.0,197.0,,,,,8106.5,-7476.0
0,81800,COCONUTS,8105.0,176.0,,,,,8108.0,176.0,,,,,8106.5,-7146.5
0,81900,COCONUTS,8105.0,170.0,,,,,8108.0,170.0,,,,,8106.5,-7474.0
0,82000,COCONUTS,8105.0,194.0,,,,,8108.0,194.0,,,,,8106.5,-7218.0
0,82100,COCONUTS,8104.0,69.0,8103.0,127.0,,,8106.0,196.0,,,,,8105.0,-6182.5
0,82200,COCONUTS,8103.0,212.0,,,,,8105.0,75.0,8106.0,137.0,,,8104.0,-5716.0
0,82300,COCONUTS,8104.0,199.0,,,,,8107.0,199.0,,,,,8105.5,-6603.5
0,82400,COCONUTS,8103.0,164.0,,,,,8106.0,164.0,,,,,8104.5,-5776.5
0,82500,COCONUTS,8103.0,187.0,,,,,8106.0,187.0,,,,,8104.5,-6074.0
0,82600,COCONUTS,8104.0,172.0,,,,,8106.0,56.0,8107.0,116.0,,,8105.0,-6376.0
0,82700,COCONUTS,8104.0,164.0,,,,,8107.0,164.0,,,,,8105.5,-6611.5
0,82800,COCONUTS,8104.0,171.0,,,,,8107.0,171.0,,,,,8105.5,-6706.5
0,82900,COCONUTS,8105.0,179.0,,,,,8108.0,179.0,,,,,8106.5,-7275.5
0,83000,COCONUTS,8106.0,171.0,,,,,8109.0,171.0,,,,,8107.5,-8081.0
0,83100,COCONUTS,8107.0,179.0,,,,,8110.0,179.0,,,,,8108.5,-8703.0
0,83200,COCONUTS,8107.0,166.0,,,,,8110.0,166.0,,,,,8108.5,-8649.5
0,83300,COCONUTS,8107.0,41.0,8106.0,142.0,,,8109.0,183.0,,,,,8108.0,-8299.0
0,83400,COCONUTS,8106.0,158.0,,,,,8107.0,40.0,8109.0,158.0,,,8106.5,-7811.0
0,83500,COCONUTS,8107.0,202.0,,,,,8109.0,71.0,8110.0,131.0,,,8108.0,-8409.5
0,83600,COCONUTS,8106.0,205.0,,,,,8109.0,205.0,,,,,8107.5,-8175.0
0,83700,COCONUTS,8107.0,210.0,,,,,8110.0,210.0,,,,,8108.5,-8696.5
0,83800,COCONUTS,8106.0,183.0,,,,,8108.0,65.0,8109.0,118.0,,,8107.0,-7778.0
0,83900,COCONUTS,8106.0,149.0,,,,,8109.0,149.0,,,,,8107.5,-7811.5
0,84000,COCONUTS,8105.0,181.0,,,,,8108.0,181.0,,,,,8106.5,-7207.0
0,84100,COCONUTS,8105.0,216.0,,,,,8108.0,216.0,,,,,8106.5,-7360.5
0,84200,COCONUTS,8104.0,209.0,,,,,8106.0,64.0,8107.0,145.0,,,8105.0,-6291.0
0,84300,COCONUTS,8104.0,180.0,,,,,8106.0,75.0,8107.0,105.0,,,8105.0,-6340.0
0,84400,COCONUTS,8104.0,192.0,,,,,8107.0,192.0,,,,,8105.5,-6660.0
0,84500,COCONUTS,8105.0,67.0,8104.0,117.0,,,8107.0,184.0,,,,,8106.0,-6837.0
0,84600,COCONUTS,8105.0,167.0,,,,,8108.0,167.0,,,,,8106.5,-7315.0
0,84700,COCONUTS,8105.0,173.0,,,,,8108.0,173.0,,,,,8106.5,-7324.5
0,84800,COCONUTS,8106.0,176.0,,,,,8108.0,76.0,8109.0,100.0,,,8107.0,-7734.5
0,84900,COCONUTS,8108.0,162.0,,,,,8110.0,62.0,8111.0,100.0,,,8109.0,-9070.5
0,85000,COCONUTS,8107.0,154.0,,,,,8110.0,154.0,,,,,8108.5,-8736.5
0,85100,COCONUTS,8106.0,156.0,,,,,8109.0,156.0,,,,,8107.5,-7847.0
0,85200,COCONUTS,8106.0,218.0,,,,,8109.0,218.0,,,,,8107.5,-8159.5
0,85300,COCONUTS,8107.0,155.0,,,,,8110.0,155.0,,,,,8108.5,-8578.5
0,85400,COCONUTS,8108.0,195.0,,,,,8110.0,50.0,8111.0,145.0,,,8109.0,-9123.5
0,85500,COCONUTS,8108.0,45.0,8107.0,112.0,,,8110.0,45.0,8111.0,112.0,,,8109.0,-9022.0
0,85600,COCONUTS,8108.0,160.0,,,,,8111.0,160.0,,,,,8109.5,-9202.5
0,85700,COCONUTS,8107.0,58.0,8106.0,106.0,,,8109.0,164.0,,,,,8108.0,-8325.0
0,85800,COCONUTS,8108.0,195.0,,,,,8111.0,195.0,,,,,8109.5,-9364.5
0,85900,COCONUTS,8109.0,182.0,,,,,8111.0,69.0,8112.0,113.0,,,8110.0,-9764.5
0,86000,COCONUTS,8109.0,197.0,,,,,8112.0,197.0,,,,,8110.5,-9996.0
0,86100,COCONUTS,8110.0,169.0,,,,,8112.0,57.0,8113.0,112.0,,,8111.0,-10509.5
0,86200,COCONUTS,8110.0,67.0,8109.0,132.0,,,8112.0,199.0,,,,,8111.0,-10293.0
0,86300,COCONUTS,8109.0,151.0,,,,,8112.0,151.0,,,,,8110.5,-9884.5
0,86400,COCONUTS,8108.0,144.0,,,,,8109.0,17.0,8111.0,186.0,,,8108.5,-9662.0
0,86500,COCONUTS,8108.0,186.0,,,,,8111.0,186.0,,,,,8109.5,-9361.5
0,86600,COCONUTS,8109.0,70.0,8108.0,213.0,,,8111.0,213.0,,,,,8110.0,-9244.5
0,86700,COCONUTS,8109.0,166.0,,,,,8112.0,166.0,,,,,8110.5,-10092.0
0,86800,COCONUTS,8110.0,185.0,,,,,8112.0,42.0,8113.0,143.0,,,8111.0,-10584.5
0,86900,COCONUTS,8110.0,205.0,,,,,8113.0,205.0,,,,,8111.5,-10828.0
0,87000,COCONUTS,8110.0,175.0,,,,,8113.0,175.0,,,,,8111.5,-11021.5
0,87100,COCONUTS,8112.0,161.0,,,,,8114.0,49.0,8115.0,112.0,,,8113.0,-12090.5
0,87200,COCONUTS,8112.0,198.0,,,,,8114.0,67.0,8115.0,131.0,,,8113.0,-12049.0
0,87300,COCONUTS,8112.0,170.0,,,,,8115.0,170.0,,,,,8113.5,-12164.5
0,87400,COCONUTS,8113.0,25.0,8112.0,52.0,8111.0,144.0,8114.0,196.0,,,,,8113.5,-11909.5
0,87500,COCONUTS,8111.0,195.0,,,,,8114.0,195.0,,,,,8112.5,-11742.5
0,87600,COCONUTS,8111.0,209.0,,,,,8114.0,209.0,,,,,8112.5,-11491.5
0,87700,COCONUTS,8112.0,166.0,,,,,8114.0,43.0,8115.0,123.0,,,8113.0,-12012.0
0,87800,COCONUTS,8111.0,184.0,,,,,8113.0,41.0,8114.0,143.0,,,8112.0,-11259.0
0,87900,COCONUTS,8112.0,191.0,,,,,8115.0,191.0,,,,,8113.5,-12181.5
0,88000,COCONUTS,8113.0,206.0,,,,,8116.0,206.0,,,,,8114.5,-13207.0
0,88100,COCONUTS,8114.0,197.0,,,,,8117.0,197.0,,,,,8115.5,-13774.5
0,88200,COCONUTS,8116.0,58.0,8115.0,207.0,,,8117.0,78.0,8118.0,129.0,,,8116.5,-14173.0
0,88300,COCONUTS,8115.0,165.0,,,,,8118.0,165.0,,,,,8116.5,-14298.0
0,88400,COCONUTS,8116.0,201.0,,,,,8118.0,71.0,8119.0,130.0,,,8117.0,-15003.5
0,88500,COCONUTS,8116.0,201.0,,,,,8119.0,201.0,,,,,8117.5,-15282.0
0,88600,COCONUTS,8116.0,189.0,,,,,8119.0,189.0,,,,,8117.5,-15485.5
0,88700,COCONUTS,8116.0,188.0,,,,,8119.0,188.0,,,,,8117.5,-15223.5
0,88800,COCONUTS,8116.0,218.0,,,,,8119.0,218.0,,,,,8117.5,-15392.5
0,88900,COCONUTS,8115.0,228.0,,,,,8118.0,228.0,,,,,8116.5,-14629.0
0,89000,COCONUTS,8116.0,199.0,,,,,8119.0,199.0,,,,,8117.5,-15103.0
0,89100,COCONUTS,8116.0,212.0,,,,,8119.0,212.0,,,,,8117.5,-15037.0
0,89200,COCONUTS,8115.0,167.0,,,,,8118.0,167.0,,,,,8116.5,-14742.5
0,89300,COCONUTS,8117.0,174.0,,,,,8120.0,174.0,,,,,8118.5,-16019.5
0,89400,COCONUTS,8119.0,55.0,8118.0,118.0,,,8121.0,55.0,8122.0,118.0,,,8120.0,-17111.5
0,89500,COCONUTS,8119.0,196.0,,,,,8122.0,196.0,,,,,8120.5,-17448.0
0,89600,COCONUTS,8119.0,174.0,,,,,8121.0,64.0,8122.0,110.0,,,8120.0,-17162.0
0,89700,COCONUTS,8119.0,191.0,,,,,8122.0,191.0,,,,,8120.5,-17623.0
0,89800,COCONUTS,8119.0,45.0,8118.0,135.0,,,8121.0,45.0,8122.0,135.0,,,8120.0,-17116.5
0,89900,COCONUTS,8118.0,198.0,,,,,8121.0,198.0,,,,,8119.5,-16631.0
0,90000,COCONUTS,8118.0,171.0,,,,,8121.0,171.0,,,,,8119.5,-16584.5
0,90100,COCONUTS,8119.0,53.0,8118.0,126.0,,,8121.0,179.0,,,,,8120.0,-16974.0
0,90200,COCONUTS,8119.0,72.0,8118.0,102.0,,,8121.0,72.0,8122.0,102.0,,,8120.0,-17105.0
0,90300,COCONUTS,8119.0,208.0,,,,,8122.0,208.0,,,,,8120.5,-17399.5
0,90400,COCONUTS,8118.0,191.0,,,,,8121.0,191.0,,,,,8119.5,-16703.5
0,90500,COCONUTS,8119.0,185.0,,,,,8122.0,185.0,,,,,8120.5,-17506.5
0,90600,COCONUTS,8119.0,189.0,,,,,8122.0,189.0,,,,,8120.5,-17391.5
0,90700,COCONUTS,8118.0,204.0,,,,,8120.0,80.0,8121.0,124.0,,,8119.0,-16399.0
0,90800,COCONUTS,8118.0,191.0,,,,,8121.0,191.0,,,,,8119.5,-16892.5
0,90900,COCONUTS,8120.0,78.0,8119.0,208.0,,,8121.0,77.0,8122.0,131.0,,,8120.5,-17169.0
0,91000,COCONUTS,8119.0,62.0,8118.0,123.0,,,8121.0,185.0,,,,,8120.0,-17065.5
0,91100,COCONUTS,8120.0,58.0,8119.0,129.0,,,8122.0,187.0,,,,,8121.0,-17744.5
0,91200,COCONUTS,8120.0,198.0,,,,,8123.0,198.0,,,,,8121.5,-18397.5
0,91300,COCONUTS,8120.0,75.0,8119.0,147.0,,,8122.0,222.0,,,,,8121.0,-17830.5
0,91400,COCONUTS,8120.0,41.0,8119.0,115.0,,,8122.0,156.0,,,,,8121.0,-17792.0
0,91500,COCONUTS,8119.0,193.0,,,,,8122.0,193.0,,,,,8120.5,-17556.5
0,91600,COCONUTS,8118.0,195.0,,,,,8120.0,56.0,8121.0,139.0,,,8119.0,-16471.0
0,91700,COCONUTS,8118.0,183.0,,,,,8121.0,183.0,,,,,8119.5,-16668.5
0,91800,COCONUTS,8117.0,195.0,,,,,8120.0,195.0,,,,,8118.5,-15802.5
0,91900,COCONUTS,8116.0,179.0,,,,,8119.0,179.0,,,,,8117.5,-15223.0
0,92000,COCONUTS,8115.0,181.0,,,,,8118.0,181.0,,,,,8116.5,-14481.0
0,92100,COCONUTS,8115.0,200.0,,,,,8118.0,200.0,,,,,8116.5,-14413.5
0,92200,COCONUTS,8114.0,78.0,8113.0,127.0,,,8116.0,205.0,,,,,8115.0,-13376.0
0,92300,COCONUTS,8113.0,187.0,,,,,8116.0,187.0,,,,,8114.5,-12868.0
0,92400,COCONUTS,8114.0,58.0,8113.0,133.0,,,8116.0,191.0,,,,,8115.0,-13380.5
0,92500,COCONUTS,8113.0,178.0,,,,,8116.0,178.0,,,,,8114.5,-13234.0
0,92600,COCONUTS,8114.0,218.0,,,,,8117.0,218.0,,,,,8115.5,-13562.0
0,92700,COCONUTS,8113.0,188.0,,,,,8116.0,188.0,,,,,8114.5,-13185.0
0,92800,COCONUTS,8113.0,181.0,,,,,8116.0,181.0,,,,,8114.5,-13107.0
0,92900,COCONUTS,8113.0,216.0,,,,,8116.0,216.0,,,,,8114.5,-13234.5
0,93000,COCONUTS,8113.0,210.0,,,,,8116.0,210.0,,,,,8114.5,-12898.0
0,93100,COCONUTS,8113.0,183.0,,,,,8116.0,183.0,,,,,8114.5,-12844.0
0,93200,COCONUTS,8114.0,67.0,8113.0,134.0,,,8116.0,67.0,8117.0,134.0,,,8115.0,-13402.5
0,93300,COCONUTS,8113.0,195.0,,,,,8116.0,195.0,,,,,8114.5,-12823.5
0,93400,COCONUTS,8113.0,160.0,,,,,8115.0,44.0,8116.0,116.0,,,8114.0,-12694.0
0,93500,COCONUTS,8114.0,69.0,8113.0,170.0,,,8115.0,47.0,8116.0,123.0,,,8114.5,-12737.5
0,93600,COCONUTS,8113.0,74.0,8112.0,124.0,,,8115.0,198.0,,,,,8114.0,-12562.5
0,93700,COCONUTS,8112.0,167.0,,,,,8115.0,167.0,,,,,8113.5,-12394.5
0,93800,COCONUTS,8110.0,174.0,,,,,8113.0,174.0,,,,,8111.5,-10963.5
0,93900,COCONUTS,8109.0,186.0,,,,,8111.0,45.0,8112.0,141.0,,,8110.0,-9806.0
0,94000,COCONUTS,8109.0,197.0,,,,,8111.0,51.0,8112.0,146.0,,,8110.0,-9723.0
0,94100,COCONUTS,8109.0,207.0,,,,,8112.0,207.0,,,,,8110.5,-10111.0
0,94200,COCONUTS,8109.0,183.0,,,,,8112.0,183.0,,,,,8110.5,-10123.5
0,94300,COCONUTS,8109.0,57.0,8108.0,110.0,,,8111.0,57.0,8112.0,110.0,,,8110.0,-9709.0
0,94400,COCONUTS,8109.0,179.0,,,,,8112.0,179.0,,,,,8110.5,-10000.5
0,94500,COCONUTS,8109.0,155.0,,,,,8112.0,155.0,,,,,8110.5,-9984.0
0,94600,COCONUTS,8108.0,110.0,,,,,8109.0,30.0,8111.0,151.0,,,8108.5,-9640.5
0,94700,COCONUTS,8109.0,51.0,8108.0,119.0,,,8111.0,170.0,,,,,8110.0,-9699.0
0,94800,COCONUTS,8108.0,193.0,,,,,8111.0,193.0,,,,,8109.5,-9402.0
0,94900,COCONUTS,8107.0,185.0,,,,,8110.0,185.0,,,,,8108.5,-8660.0
0,95000,COCONUTS,8106.0,183.0,,,,,8109.0,183.0,,,,,8107.5,-7906.5
0,95100,COCONUTS,8106.0,187.0,,,,,8109.0,187.0,,,,,8107.5,-7541.0
0,95200,COCONUTS,8106.0,190.0,,,,,8109.0,190.0,,,,,8107.5,-7806.0
0,95300,COCONUTS,8106.0,49.0,8105.0,124.0,,,8108.0,49.0,8109.0,124.0,,,8107.0,-7328.5
0,95400,COCONUTS,8106.0,197.0,,,,,8109.0,197.0,,,,,8107.5,-7506.5
0,95500,COCONUTS,8105.0,191.0,,,,,8107.0,45.0,8108.0,146.0,,,8106.0,-6536.5
0,95600,COCONUTS,8105.0,185.0,,,,,8108.0,185.0,,,,,8106.5,-7044.5
0,95700,COCONUTS,8105.0,201.0,,,,,8108.0,201.0,,,,,8106.5,-6710.5
0,95800,COCONUTS,8105.0,69.0,8104.0,132.0,,,8107.0,201.0,,,,,8106.0,-6446.0
0,95900,COCONUTS,8104.0,175.0,,,,,8107.0,175.0,,,,,8105.5,-6138.5
0,96000,COCONUTS,8106.0,16.0,8104.0,167.0,,,8107.0,167.0,,,,,8106.5,-5986.0
0,96100,COCONUTS,8103.0,57.0,8102.0,134.0,,,8105.0,191.0,,,,,8104.0,-4806.0
0,96200,COCONUTS,8103.0,220.0,,,,,8106.0,220.0,,,,,8104.5,-5115.0
0,96300,COCONUTS,8104.0,80.0,8103.0,111.0,,,8106.0,80.0,8107.0,111.0,,,8105.0,-5706.5
0,96400,COCONUTS,8105.0,207.0,,,,,8107.0,66.0,8108.0,141.0,,,8106.0,-6537.5
0,96500,COCONUTS,8105.0,205.0,,,,,8108.0,205.0,,,,,8106.5,-6756.5
0,96600,COCONUTS,8105.0,205.0,,,,,8108.0,205.0,,,,,8106.5,-7068.0
0,96700,COCONUTS,8106.0,168.0,,,,,8108.0,61.0,8109.0,107.0,,,8107.0,-7429.0
0,96800,COCONUTS,8105.0,172.0,,,,,8108.0,172.0,,,,,8106.5,-7084.0
0,96900,COCONUTS,8105.0,197.0,,,,,8108.0,197.0,,,,,8106.5,-7145.0
0,97000,COCONUTS,8106.0,184.0,,,,,8109.0,184.0,,,,,8107.5,-7770.0
0,97100,COCONUTS,8107.0,41.0,8106.0,112.0,,,8109.0,153.0,,,,,8108.0,-8157.5
0,97200,COCONUTS,8106.0,151.0,,,,,8109.0,151.0,,,,,8107.5,-7833.0
0,97300,COCONUTS,8105.0,174.0,,,,,8107.0,60.0,8108.0,114.0,,,8106.0,-6646.0
0,97400,COCONUTS,8105.0,171.0,,,,,8108.0,171.0,,,,,8106.5,-6732.5
0,97500,COCONUTS,8104.0,206.0,,,,,8107.0,206.0,,,,,8105.5,-6152.5
0,97600,COCONUTS,8104.0,163.0,,,,,8106.0,43.0,8107.0,120.0,,,8105.0,-5848.5
0,97700,COCONUTS,8104.0,153.0,,,,,8107.0,153.0,,,,,8105.5,-6102.5
0,97800,COCONUTS,8105.0,53.0,8104.0,137.0,,,8107.0,190.0,,,,,8106.0,-6486.0
0,97900,COCONUTS,8105.0,195.0,,,,,8108.0,195.0,,,,,8106.5,-6880.0
0,98000,COCONUTS,8106.0,64.0,8105.0,188.0,,,8108.0,188.0,,,,,8107.0,-6995.5
0,98100,COCONUTS,8105.0,151.0,,,,,8108.0,151.0,,,,,8106.5,-7102.5
0,98200,COCONUTS,8106.0,216.0,,,,,8109.0,216.0,,,,,8107.5,-7812.5
0,98300,COCONUTS,8107.0,220.0,,,,,8109.0,76.0,8110.0,144.0,,,8108.0,-8327.5
0,98400,COCONUTS,8107.0,206.0,,,,,8110.0,206.0,,,,,8108.5,-8437.5
0,98500,COCONUTS,8108.0,208.0,,,,,8110.0,73.0,8111.0,135.0,,,8109.0,-9074.5
0,98600,COCONUTS,8108.0,154.0,,,,,8111.0,154.0,,,,,8109.5,-9650.5
0,98700,COCONUTS,8108.0,167.0,,,,,8111.0,167.0,,,,,8109.5,-9435.5
0,98800,COCONUTS,8108.0,202.0,,,,,8111.0,202.0,,,,,8109.5,-9576.0
0,98900,COCONUTS,8109.0,144.0,,,,,8110.0,65.0,8111.0,41.0,8112.0,103.0,8109.5,-9880.5
0,99000,COCONUTS,8108.0,191.0,,,,,8111.0,191.0,,,,,8109.5,-9661.0
0,99100,COCONUTS,8109.0,219.0,,,,,8112.0,219.0,,,,,8110.5,-10183.0
0,99200,COCONUTS,8109.0,218.0,,,,,8112.0,218.0,,,,,8110.5,-10051.5
0,99300,COCONUTS,8110.0,53.0,8109.0,142.0,,,8112.0,195.0,,,,,8111.0,-10540.0
0,99400,COCONUTS,8108.0,174.0,,,,,8111.0,174.0,,,,,8109.5,-9648.5
0,99500,COCONUTS,8108.0,180.0,,,,,8111.0,180.0,,,,,8109.5,-9493.5
0,99600,COCONUTS,8107.0,179.0,,,,,8110.0,179.0,,,,,8108.5,-8487.0
0,99700,COCONUTS,8108.0,46.0,8107.0,101.0,,,8110.0,147.0,,,,,8109.0,-8941.5
0,99800,COCONUTS,8109.0,195.0,,,,,8111.0,68.0,8112.0,127.0,,,8110.0,-9913.5
0,99900,COCONUTS,8110.0,210.0,,,,,8112.0,61.0,8113.0,149.0,,,8111.0,-10694.5
0,100000,COCONUTS,8110.0,167.0,,,,,8113.0,167.0,,,,,8111.5,-10876.0
0,100100,COCONUTS,8109.0,216.0,,,,,8112.0,216.0,,,,,8110.5,-10283.0
0,100200,COCONUTS,8111.0,75.0,8110.0,136.0,,,8113.0,211.0,,,,,8112.0,-11365.0
0,100300,COCONUTS,8111.0,74.0,8110.0,125.0,,,8113.0,199.0,,,,,8112.0,-11338.0
0,100400,COCONUTS,8111.0,204.0,,,,,8114.0,204.0,,,,,8112.5,-11908.5
0,100500,COCONUTS,8112.0,227.0,,,,,8114.0,79.0,8115.0,148.0,,,8113.0,-12423.0
0,100600,COCONUTS,8111.0,159.0,,,,,8114.0,159.0,,,,,8112.5,-12042.0
0,100700,COCONUTS,8111.0,189.0,,,,,8114.0,189.0,,,,,8112.5,-12011.0
0,100800,COCONUTS,8111.0,67.0,8110.0,143.0,,,8113.0,210.0,,,,,8112.0,-11440.0
0,100900,COCONUTS,8109.0,192.0,,,,,8112.0,192.0,,,,,8110.5,-10426.5
0,101000,COCONUTS,8110.0,203.0,,,,,8113.0,203.0,,,,,8111.5,-11078.5
0,101100,COCONUTS,8110.0,67.0,8109.0,127.0,,,8112.0,67.0,8113.0,127.0,,,8111.0,-10663.0
0,101200,COCONUTS,8109.0,56.0,8108.0,116.0,,,8111.0,172.0,,,,,8110.0,-9717.5
0,101300,COCONUTS,8108.0,198.0,,,,,8111.0,198.0,,,,,8109.5,-9635.5
0,101400,COCONUTS,8108.0,209.0,,,,,8111.0,209.0,,,,,8109.5,-9187.0
0,101500,COCONUTS,8109.0,11.0,8108.0,63.0,8107.0,114.0,8110.0,177.0,,,,,8109.5,-8885.0
0,101600,COCONUTS,8107.0,162.0,,,,,8109.0,49.0,8110.0,113.0,,,8108.0,-8247.5
0,101700,COCONUTS,8106.0,212.0,,,,,8109.0,212.0,,,,,8107.5,-7510.5
0,101800,COCONUTS,8109.0,13.0,8107.0,191.0,,,8110.0,191.0,,,,,8109.5,-8497.5
0,101900,COCONUTS,8107.0,181.0,,,,,8110.0,181.0,,,,,8108.5,-8565.0
0,102000,COCONUTS,8107.0,65.0,8106.0,139.0,,,8109.0,204.0,,,,,8108.0,-8156.5
0,102100,COCONUTS,8108.0,53.0,8107.0,142.0,,,8110.0,195.0,,,,,8109.0,-8884.0
0,102200,COCONUTS,8107.0,212.0,,,,,8110.0,212.0,,,,,8108.5,-8589.5
0,102300,COCONUTS,8107.0,196.0,,,,,8108.0,67.0,8110.0,196.0,,,8107.5,-8780.0
0,102400,COCONUTS,8108.0,171.0,,,,,8111.0,171.0,,,,,8109.5,-9645.0
0,102500,COCONUTS,8108.0,160.0,,,,,8111.0,160.0,,,,,8109.5,-9572.0
0,102600,COCONUTS,8108.0,160.0,,,,,8111.0,160.0,,,,,8109.5,-9379.5
0,102700,COCONUTS,8107.0,151.0,,,,,8110.0,151.0,,,,,8108.5,-8801.5
0,102800,COCONUTS,8108.0,168.0,,,,,8111.0,168.0,,,,,8109.5,-9340.5
0,102900,COCONUTS,8108.0,182.0,,,,,8111.0,182.0,,,,,8109.5,-9305.5
0,103000,COCONUTS,8108.0,59.0,8107.0,109.0,,,8110.0,70.0,8111.0,109.0,,,8109.0,-9016.5
0,103100,COCONUTS,8108.0,174.0,,,,,8111.0,174.0,,,,,8109.5,-9519.5
0,103200,COCONUTS,8108.0,209.0,,,,,8111.0,209.0,,,,,8109.5,-9558.0
0,103300,COCONUTS,8107.0,164.0,,,,,8110.0,164.0,,,,,8108.5,-8717.5
0,103400,COCONUTS,8108.0,165.0,,,,,8110.0,44.0,8111.0,121.0,,,8109.0,-9177.5
0,103500,COCONUTS,8108.0,42.0,8107.0,137.0,,,8110.0,179.0,,,,,8109.0,-8943.0
0,103600,COCONUTS,8108.0,194.0,,,,,8110.0,48.0,8111.0,146.0,,,8109.0,-9032.0
0,103700,COCONUTS,8108.0,163.0,,,,,8111.0,163.0,,,,,8109.5,-9400.5
0,103800,COCONUTS,8109.0,64.0,8108.0,102.0,,,8111.0,166.0,,,,,8110.0,-9723.5
0,103900,COCONUTS,8108.0,185.0,,,,,8111.0,185.0,,,,,8109.5,-9677.0
0,104000,COCONUTS,8110.0,77.0,8109.0,152.0,,,8112.0,152.0,,,,,8111.0,-10326.0
0,104100,COCONUTS,8109.0,75.0,8108.0,124.0,,,8111.0,199.0,,,,,8110.0,-9840.0
0,104200,COCONUTS,8110.0,212.0,,,,,8113.0,212.0,,,,,8111.5,-11003.0
0,104300,COCONUTS,8110.0,188.0,,,,,8113.0,188.0,,,,,8111.5,-10959.5
0,104400,COCONUTS,8110.0,184.0,,,,,8113.0,184.0,,,,,8111.5,-10966.5
0,104500,COCONUTS,8111.0,68.0,8110.0,156.0,,,8112.0,50.0,8113.0,106.0,,,8111.5,-10780.5
0,104600,COCONUTS,8109.0,200.0,,,,,8112.0,200.0,,,,,8110.5,-10063.5
0,104700,COCONUTS,8109.0,215.0,,,,,8112.0,215.0,,,,,8110.5,-10212.0
0,104800,COCONUTS,8109.0,42.0,8108.0,102.0,,,8111.0,144.0,,,,,8110.0,-9828.0
0,104900,COCONUTS,8108.0,205.0,,,,,8110.0,79.0,8111.0,126.0,,,8109.0,-9123.0
0,105000,COCONUTS,8107.0,192.0,,,,,8110.0,192.0,,,,,8108.5,-8801.0
0,105100,COCONUTS,8107.0,166.0,,,,,8108.0,80.0,8110.0,166.0,,,8107.5,-8662.0
0,105200,COCONUTS,8109.0,46.0,8108.0,106.0,,,8111.0,152.0,,,,,8110.0,-9793.0
0,105300,COCONUTS,8109.0,173.0,,,,,8112.0,173.0,,,,,8110.5,-10460.0
0,105400,COCONUTS,8109.0,163.0,,,,,8112.0,163.0,,,,,8110.5,-10448.0
0,105500,COCONUTS,8108.0,182.0,,,,,8111.0,182.0,,,,,8109.5,-9585.5
0,105600,COCONUTS,8108.0,160.0,,,,,8110.0,41.0,8111.0,119.0,,,8109.0,-9052.0
0,105700,COCONUTS,8108.0,197.0,,,,,8111.0,197.0,,,,,8109.5,-9268.5
0,105800,COCONUTS,8108.0,194.0,,,,,8111.0,194.0,,,,,8109.5,-9583.5
0,105900,COCONUTS,8107.0,177.0,,,,,8108.0,44.0,8110.0,177.0,,,8107.5,-8502.5
0,106000,COCONUTS,8106.0,42.0,8105.0,100.0,,,8108.0,142.0,,,,,8107.0,-7201.5
0,106100,COCONUTS,8104.0,171.0,,,,,8107.0,171.0,,,,,8105.5,-6157.0
0,106200,COCONUTS,8103.0,76.0,8102.0,136.0,,,8105.0,212.0,,,,,8104.0,-4691.0
0,106300,COCONUTS,8102.0,191.0,,,,,8105.0,191.0,,,,,8103.5,-4522.5
0,106400,COCONUTS,8103.0,209.0,,,,,8105.0,61.0,8106.0,148.0,,,8104.0,-4947.0
0,106500,COCONUTS,8102.0,201.0,,,,,8105.0,201.0,,,,,8103.5,-4363.5
0,106600,COCONUTS,8101.0,181.0,,,,,8103.0,45.0,8104.0,136.0,,,8102.0,-3304.5
0,106700,COCONUTS,8103.0,65.0,8102.0,167.0,,,8105.0,167.0,,,,,8104.0,-4369.0
0,106800,COCONUTS,8103.0,154.0,,,,,8105.0,46.0,8106.0,108.0,,,8104.0,-4845.0
0,106900,COCONUTS,8103.0,164.0,,,,,8106.0,164.0,,,,,8104.5,-5421.0
0,107000,COCONUTS,8103.0,164.0,,,,,8106.0,164.0,,,,,8104.5,-5373.5
0,107100,COCONUTS,8104.0,76.0,8103.0,110.0,,,8106.0,186.0,,,,,8105.0,-5584.5
0,107200,COCONUTS,8103.0,224.0,,,,,8106.0,224.0,,,,,8104.5,-5459.0
0,107300,COCONUTS,8105.0,58.0,8104.0,124.0,,,8107.0,182.0,,,,,8106.0,-6416.0
0,107400,COCONUTS,8104.0,155.0,,,,,8107.0,155.0,,,,,8105.5,-5909.5
0,107500,COCONUTS,8104.0,67.0,8103.0,200.0,,,8105.0,59.0,8106.0,141.0,,,8104.5,-4934.5
0,107600,COCONUTS,8104.0,195.0,,,,,8107.0,195.0,,,,,8105.5,-6352.5
0,107700,COCONUTS,8104.0,203.0,,,,,8107.0,203.0,,,,,8105.5,-6316.0
0,107800,COCONUTS,8105.0,213.0,,,,,8108.0,213.0,,,,,8106.5,-6893.5
0,107900,COCONUTS,8106.0,176.0,,,,,8109.0,176.0,,,,,8107.5,-7841.5
0,108000,COCONUTS,8105.0,181.0,,,,,8108.0,181.0,,,,,8106.5,-6815.0
0,108100,COCONUTS,8105.0,208.0,,,,,8108.0,208.0,,,,,8106.5,-6952.0
0,108200,COCONUTS,8105.0,61.0,8104.0,138.0,,,8107.0,199.0,,,,,8106.0,-6368.0
0,108300,COCONUTS,8103.0,196.0,,,,,8106.0,196.0,,,,,8104.5,-5002.0
0,108400,COCONUTS,8103.0,73.0,8102.0,104.0,,,8105.0,177.0,,,,,8104.0,-4712.0
0,108500,COCONUTS,8104.0,152.0,,,,,8107.0,152.0,,,,,8105.5,-6196.5
0,108600,COCONUTS,8105.0,173.0,,,,,8108.0,173.0,,,,,8106.5,-6812.0
0,108700,COCONUTS,8105.0,172.0,,,,,8108.0,172.0,,,,,8106.5,-7190.5
0,108800,COCONUTS,8105.0,161.0,,,,,8108.0,161.0,,,,,8106.5,-7119.5
0,108900,COCONUTS,8106.0,206.0,,,,,8109.0,206.0,,,,,8107.5,-7909.0
0,109000,COCONUTS,8107.0,180.0,,,,,8110.0,180.0,,,,,8108.5,-8865.5
0,109100,COCONUTS,8108.0,200.0,,,,,8111.0,200.0,,,,,8109.5,-9466.5
0,109200,COCONUTS,8109.0,44.0,8108.0,173.0,,,8111.0,173.0,,,,,8110.0,-9601.0
0,109300,COCONUTS,8109.0,195.0,,,,,8111.0,64.0,8112.0,131.0,,,8110.0,-9919.5
0,109400,COCONUTS,8108.0,193.0,,,,,8111.0,193.0,,,,,8109.5,-9354.0
0,109500,COCONUTS,8108.0,160.0,,,,,8111.0,160.0,,,,,8109.5,-9721.5
0,109600,COCONUTS,8108.0,73.0,8107.0,115.0,,,8110.0,188.0,,,,,8109.0,-8970.0
0,109700,COCONUTS,8107.0,178.0,,,,,8110.0,178.0,,,,,8108.5,-8422.5
0,109800,COCONUTS,8105.0,199.0,,,,,8108.0,199.0,,,,,8106.5,-7122.0
0,109900,COCONUTS,8105.0,180.0,,,,,8108.0,180.0,,,,,8106.5,-6878.0
0,110000,COCONUTS,8106.0,189.0,,,,,8109.0,189.0,,,,,8107.5,-7721.5
0,110100,COCONUTS,8106.0,195.0,,,,,8108.0,55.0,8109.0,140.0,,,8107.0,-7450.5
0,110200,COCONUTS,8106.0,192.0,,,,,8109.0,192.0,,,,,8107.5,-7670.0
0,110300,COCONUTS,8106.0,210.0,,,,,8109.0,210.0,,,,,8107.5,-7859.0
0,110400,COCONUTS,8108.0,177.0,,,,,8111.0,177.0,,,,,8109.5,-9239.0
0,110500,COCONUTS,8108.0,148.0,,,,,8111.0,148.0,,,,,8109.5,-9321.5
0,110600,COCONUTS,8109.0,213.0,,,,,8112.0,213.0,,,,,8110.5,-10586.5
0,110700,COCONUTS,8109.0,200.0,,,,,8112.0,200.0,,,,,8110.5,-10485.0
0,110800,COCONUTS,8109.0,177.0,,,,,8112.0,177.0,,,,,8110.5,-10291.0
0,110900,COCONUTS,8110.0,194.0,,,,,8113.0,194.0,,,,,8111.5,-11280.0
0,111000,COCONUTS,8110.0,179.0,,,,,8113.0,179.0,,,,,8111.5,-11367.5
0,111100,COCONUTS,8111.0,190.0,,,,,8114.0,190.0,,,,,8112.5,-12091.0
0,111200,COCONUTS,8110.0,119.0,,,,,8111.0,2.0,8113.0,190.0,,,8110.5,-11532.0
0,111300,COCONUTS,8111.0,54.0,8110.0,104.0,,,8113.0,158.0,,,,,8112.0,-11543.0
0,111400,COCONUTS,8109.0,182.0,,,,,8112.0,182.0,,,,,8110.5,-10115.5
0,111500,COCONUTS,8110.0,40.0,8109.0,100.0,,,8112.0,140.0,,,,,8111.0,-10645.5
0,111600,COCONUTS,8110.0,211.0,,,,,8113.0,211.0,,,,,8111.5,-11512.5
0,111700,COCONUTS,8111.0,63.0,8110.0,125.0,,,8113.0,188.0,,,,,8112.0,-11652.0
0,111800,COCONUTS,8109.0,43.0,8108.0,100.0,,,8111.0,143.0,,,,,8110.0,-9799.0
0,111900,COCONUTS,8109.0,166.0,,,,,8111.0,40.0,8112.0,126.0,,,8110.0,-9925.0
0,112000,COCONUTS,8109.0,179.0,,,,,8111.0,72.0,8112.0,107.0,,,8110.0,-9893.5
0,112100,COCONUTS,8108.0,203.0,,,,,8111.0,203.0,,,,,8109.5,-9655.5
0,112200,COCONUTS,8108.0,205.0,,,,,8111.0,205.0,,,,,8109.5,-9467.0
0,112300,COCONUTS,8109.0,181.0,,,,,8112.0,181.0,,,,,8110.5,-10478.0
0,112400,COCONUTS,8109.0,200.0,,,,,8112.0,200.0,,,,,8110.5,-10595.0
0,112500,COCONUTS,8110.0,161.0,,,,,8113.0,161.0,,,,,8111.5,-11263.0
0,112600,COCONUTS,8110.0,78.0,8109.0,102.0,,,8112.0,180.0,,,,,8111.0,-10746.0
0,112700,COCONUTS,8110.0,162.0,,,,,8111.0,72.0,8113.0,162.0,,,8110.5,-11418.0
0,112800,COCONUTS,8109.0,205.0,,,,,8112.0,205.0,,,,,8110.5,-10523.5
0,112900,COCONUTS,8109.0,200.0,,,,,8111.0,59.0,8112.0,141.0,,,8110.0,-10009.0
0,113000,COCONUTS,8109.0,148.0,,,,,8111.0,47.0,8112.0,101.0,,,8110.0,-9915.5
0,113100,COCONUTS,8107.0,52.0,8106.0,131.0,,,8109.0,52.0,8110.0,131.0,,,8108.0,-8005.5
0,113200,COCONUTS,8108.0,195.0,,,,,8111.0,195.0,,,,,8109.5,-9399.5
0,113300,COCONUTS,8109.0,77.0,8108.0,120.0,,,8111.0,197.0,,,,,8110.0,-9757.5
0,113400,COCONUTS,8109.0,203.0,,,,,8112.0,203.0,,,,,8110.5,-10384.0
0,113500,COCONUTS,8109.0,154.0,,,,,8112.0,154.0,,,,,8110.5,-10457.5
0,113600,COCONUTS,8110.0,173.0,,,,,8112.0,51.0,8113.0,122.0,,,8111.0,-10818.0
0,113700,COCONUTS,8110.0,193.0,,,,,8113.0,193.0,,,,,8111.5,-11421.5
0,113800,COCONUTS,8111.0,187.0,,,,,8114.0,187.0,,,,,8112.5,-12250.5
0,113900,COCONUTS,8111.0,189.0,,,,,8114.0,189.0,,,,,8112.5,-12410.5
0,114000,COCONUTS,8112.0,51.0,8111.0,134.0,,,8114.0,51.0,8115.0,134.0,,,8113.0,-12610.5
0,114100,COCONUTS,8112.0,225.0,,,,,8115.0,225.0,,,,,8113.5,-12989.0
0,114200,COCONUTS,8112.0,76.0,8111.0,122.0,,,8114.0,198.0,,,,,8113.0,-12603.0
0,114300,COCONUTS,8111.0,219.0,,,,,8114.0,219.0,,,,,8112.5,-12071.0
0,114400,COCONUTS,8112.0,61.0,8111.0,136.0,,,8114.0,197.0,,,,,8113.0,-12529.5
0,114500,COCONUTS,8111.0,175.0,,,,,8114.0,175.0,,,,,8112.5,-12426.0
0,114600,COCONUTS,8112.0,176.0,,,,,8115.0,176.0,,,,,8113.5,-12947.5
0,114700,COCONUTS,8111.0,168.0,,,,,8113.0,41.0,8114.0,127.0,,,8112.0,-11783.5
0,114800,COCONUTS,8110.0,223.0,,,,,8113.0,223.0,,,,,8111.5,-11442.0
0,114900,COCONUTS,8109.0,53.0,8108.0,108.0,,,8111.0,161.0,,,,,8110.0,-9715.0
0,115000,COCONUTS,8109.0,188.0,,,,,8112.0,188.0,,,,,8110.5,-10520.5
0,115100,COCONUTS,8109.0,73.0,8108.0,146.0,,,8111.0,73.0,8112.0,146.0,,,8110.0,-9845.0
0,115200,COCONUTS,8109.0,165.0,,,,,8110.0,76.0,8112.0,165.0,,,8109.5,-10369.5
0,115300,COCONUTS,8110.0,192.0,,,,,8113.0,192.0,,,,,8111.5,-11088.5
0,115400,COCONUTS,8108.0,182.0,,,,,8111.0,182.0,,,,,8109.5,-9508.5
0,115500,COCONUTS,8109.0,220.0,,,,,8111.0,80.0,8112.0,140.0,,,8110.0,-9893.5
0,115600,COCONUTS,8108.0,206.0,,,,,8110.0,76.0,8111.0,130.0,,,8109.0,-8983.0
0,115700,COCONUTS,8108.0,160.0,,,,,8111.0,160.0,,,,,8109.5,-9239.0
0,115800,COCONUTS,8108.0,180.0,,,,,8111.0,180.0,,,,,8109.5,-9285.5
0,115900,COCONUTS,8109.0,72.0,8108.0,147.0,,,8111.0,219.0,,,,,8110.0,-9782.5
0,116000,COCONUTS,8107.0,142.0,,,,,8110.0,142.0,,,,,8108.5,-8733.0
0,116100,COCONUTS,8107.0,226.0,,,,,8109.0,76.0,8110.0,150.0,,,8108.0,-8124.5
0,116200,COCONUTS,8106.0,182.0,,,,,8109.0,182.0,,,,,8107.5,-7738.0
0,116300,COCONUTS,8107.0,169.0,,,,,8110.0,169.0,,,,,8108.5,-8194.5
0,116400,COCONUTS,8107.0,165.0,,,,,8110.0,165.0,,,,,8108.5,-8534.5
0,116500,COCONUTS,8108.0,77.0,8107.0,110.0,,,8110.0,187.0,,,,,8109.0,-8778.0
0,116600,COCONUTS,8110.0,54.0,8109.0,112.0,,,8112.0,166.0,,,,,8111.0,-10618.0
0,116700,COCONUTS,8110.0,194.0,,,,,8113.0,194.0,,,,,8111.5,-11499.0
0,116800,COCONUTS,8112.0,189.0,,,,,8115.0,189.0,,,,,8113.5,-12820.5
0,116900,COCONUTS,8111.0,177.0,,,,,8114.0,177.0,,,,,8112.5,-12245.0
0,117000,COCONUTS,8111.0,189.0,,,,,8113.0,58.0,8114.0,131.0,,,8112.0,-11733.0
0,117100,COCONUTS,8111.0,162.0,,,,,8114.0,162.0,,,,,8112.5,-12208.0
0,117200,COCONUTS,8111.0,172.0,,,,,8113.0,72.0,8114.0,100.0,,,8112.0,-11757.0
0,117300,COCONUTS,8110.0,42.0,8109.0,124.0,,,8112.0,166.0,,,,,8111.0,-10667.0
0,117400,COCONUTS,8109.0,148.0,,,,,8112.0,148.0,,,,,8110.5,-10267.5
0,117500,COCONUTS,8108.0,201.0,,,,,8110.0,52.0,8111.0,149.0,,,8109.0,-9020.5
0,117600,COCONUTS,8107.0,201.0,,,,,8110.0,201.0,,,,,8108.5,-8271.0
0,117700,COCONUTS,8107.0,188.0,,,,,8110.0,188.0,,,,,8108.5,-8615.0
0,117800,COCONUTS,8107.0,192.0,,,,,8108.0,45.0,8109.0,48.0,8110.0,144.0,8107.5,-8061.0
0,117900,COCONUTS,8107.0,200.0,,,,,8109.0,77.0,8110.0,123.0,,,8108.0,-8129.0
0,118000,COCONUTS,8109.0,169.0,,,,,8112.0,169.0,,,,,8110.5,-10027.5
0,118100,COCONUTS,8109.0,155.0,,,,,8112.0,155.0,,,,,8110.5,-10569.0
0,118200,COCONUTS,8111.0,200.0,,,,,8114.0,200.0,,,,,8112.5,-12115.0
0,118300,COCONUTS,8111.0,49.0,8110.0,126.0,,,8113.0,175.0,,,,,8112.0,-11573.5
0,118400,COCONUTS,8111.0,86.0,8110.0,118.0,,,8113.0,164.0,,,,,8112.0,-11619.5
0,118500,COCONUTS,8110.0,155.0,,,,,8113.0,155.0,,,,,8111.5,-10959.0
0,118600,COCONUTS,8108.0,197.0,,,,,8109.0,70.0,8111.0,197.0,,,8108.5,-9303.0
0,118700,COCONUTS,8108.0,47.0,8107.0,118.0,,,8110.0,165.0,,,,,8109.0,-8838.5
0,118800,COCONUTS,8108.0,52.0,8107.0,150.0,,,8110.0,202.0,,,,,8109.0,-8826.0
0,118900,COCONUTS,8108.0,153.0,,,,,8109.0,50.0,8111.0,153.0,,,8108.5,-9112.0
0,119000,COCONUTS,8108.0,193.0,,,,,8109.0,51.0,8111.0,193.0,,,8108.5,-9132.0
0,119100,COCONUTS,8108.0,202.0,,,,,8111.0,202.0,,,,,8109.5,-9190.0
0,119200,COCONUTS,8108.0,55.0,8107.0,133.0,,,8110.0,188.0,,,,,8109.0,-8838.0
0,119300,COCONUTS,8108.0,159.0,,,,,8110.0,59.0,8111.0,100.0,,,8109.0,-9094.0
0,119400,COCONUTS,8109.0,65.0,8108.0,141.0,,,8111.0,206.0,,,,,8110.0,-9714.0
0,119500,COCONUTS,8108.0,174.0,,,,,8111.0,174.0,,,,,8109.5,-9672.0
0,119600,COCONUTS,8111.0,56.0,8110.0,220.0,,,8113.0,220.0,,,,,8112.0,-11361.0
0,119700,COCONUTS,8112.0,78.0,8111.0,164.0,,,8114.0,164.0,,,,,8113.0,-12127.5
0,119800,COCONUTS,8109.0,173.0,,,,,8112.0,173.0,,,,,8110.5,-10496.5
0,119900,COCONUTS,8110.0,53.0,8109.0,128.0,,,8112.0,181.0,,,,,8111.0,-10645.0
0,120000,COCONUTS,8110.0,171.0,,,,,8111.0,71.0,8113.0,171.0,,,8110.5,-10987.0
0,120100,COCONUTS,8112.0,193.0,,,,,8115.0,193.0,,,,,8113.5,-12914.5
0,120200,COCONUTS,8113.0,183.0,,,,,8115.0,73.0,8116.0,110.0,,,8114.0,-13608.0
0,120300,COCONUTS,8113.0,198.0,,,,,8116.0,198.0,,,,,8114.5,-13938.0
0,120400,COCONUTS,8113.0,184.0,,,,,8116.0,184.0,,,,,8114.5,-14025.0
0,120500,COCONUTS,8112.0,169.0,,,,,8115.0,169.0,,,,,8113.5,-12967.5
0,120600,COCONUTS,8111.0,190.0,,,,,8114.0,190.0,,,,,8112.5,-12242.5
0,120700,COCONUTS,8112.0,181.0,,,,,8114.0,57.0,8115.0,124.0,,,8113.0,-12719.0
0,120800,COCONUTS,8112.0,193.0,,,,,8115.0,193.0,,,,,8113.5,-13188.0
0,120900,COCONUTS,8113.0,208.0,,,,,8115.0,58.0,8116.0,150.0,,,8114.0,-13710.5
0,121000,COCONUTS,8114.0,51.0,8113.0,105.0,,,8116.0,51.0,8117.0,105.0,,,8115.0,-14486.5
0,121100,COCONUTS,8113.0,192.0,,,,,8116.0,192.0,,,,,8114.5,-14165.5
0,121200,COCONUTS,8113.0,74.0,8112.0,148.0,,,8115.0,222.0,,,,,8114.0,-13519.5
0,121300,COCONUTS,8113.0,185.0,,,,,8116.0,185.0,,,,,8114.5,-13730.0
0,121400,COCONUTS,8114.0,170.0,,,,,8117.0,170.0,,,,,8115.5,-14786.5
0,121500,COCONUTS,8115.0,218.0,,,,,8118.0,218.0,,,,,8116.5,-16034.5
0,121600,COCONUTS,8115.0,163.0,,,,,8118.0,163.0,,,,,8116.5,-15867.5
0,121700,COCONUTS,8115.0,201.0,,,,,8118.0,201.0,,,,,8116.5,-16020.5
0,121800,COCONUTS,8115.0,182.0,,,,,8117.0,61.0,8118.0,121.0,,,8116.0,-15450.5
0,121900,COCONUTS,8115.0,73.0,8114.0,139.0,,,8117.0,73.0,8118.0,139.0,,,8116.0,-15399.0
0,122000,COCONUTS,8116.0,41.0,8115.0,114.0,,,8118.0,155.0,,,,,8117.0,-16296.5
0,122100,COCONUTS,8114.0,199.0,,,,,8117.0,199.0,,,,,8115.5,-14761.5
0,122200,COCONUTS,8115.0,67.0,8114.0,102.0,,,8117.0,169.0,,,,,8116.0,-15240.0
0,122300,COCONUTS,8115.0,176.0,,,,,8117.0,70.0,8118.0,106.0,,,8116.0,-15524.5
0,122400,COCONUTS,8114.0,166.0,,,,,8117.0,166.0,,,,,8115.5,-14796.5
0,122500,COCONUTS,8114.0,62.0,8113.0,143.0,,,8116.0,205.0,,,,,8115.0,-14326.5
0,122600,COCONUTS,8115.0,74.0,8114.0,104.0,,,8117.0,178.0,,,,,8116.0,-15385.0
0,122700,COCONUTS,8115.0,176.0,,,,,8118.0,176.0,,,,,8116.5,-15923.0
0,122800,COCONUTS,8117.0,61.0,8116.0,102.0,,,8119.0,163.0,,,,,8118.0,-17154.0
0,122900,COCONUTS,8116.0,147.0,,,,,8117.0,55.0,8119.0,147.0,,,8116.5,-16575.5
0,123000,COCONUTS,8116.0,198.0,,,,,8119.0,198.0,,,,,8117.5,-16715.5
0,123100,COCONUTS,8119.0,199.0,,,,,8121.0,66.0,8122.0,133.0,,,8120.0,-19223.5
0,123200,COCONUTS,8119.0,57.0,8118.0,100.0,,,8121.0,157.0,,,,,8120.0,-18973.5
0,123300,COCONUTS,8119.0,63.0,8118.0,117.0,,,8121.0,180.0,,,,,8120.0,-19043.0
0,123400,COCONUTS,8118.0,186.0,,,,,8120.0,79.0,8121.0,107.0,,,8119.0,-18340.5
0,123500,COCONUTS,8118.0,177.0,,,,,8120.0,74.0,8121.0,103.0,,,8119.0,-18219.5
0,123600,COCONUTS,8118.0,205.0,,,,,8120.0,65.0,8121.0,140.0,,,8119.0,-18222.5
0,123700,COCONUTS,8118.0,193.0,,,,,8120.0,80.0,8121.0,113.0,,,8119.0,-18247.5
0,123800,COCONUTS,8118.0,186.0,,,,,8120.0,55.0,8121.0,131.0,,,8119.0,-18310.5
0,123900,COCONUTS,8119.0,188.0,,,,,8122.0,188.0,,,,,8120.5,-19802.0
0,124000,COCONUTS,8119.0,183.0,,,,,8121.0,53.0,8122.0,130.0,,,8120.0,-19185.0
0,124100,COCONUTS,8118.0,183.0,,,,,8121.0,183.0,,,,,8119.5,-18600.0
0,124200,COCONUTS,8119.0,57.0,8118.0,159.0,,,8121.0,159.0,,,,,8120.0,-18575.0
0,124300,COCONUTS,8117.0,186.0,,,,,8120.0,186.0,,,,,8118.5,-17705.5
0,124400,COCONUTS,8118.0,67.0,8117.0,131.0,,,8120.0,198.0,,,,,8119.0,-18100.0
0,124500,COCONUTS,8118.0,168.0,,,,,8121.0,168.0,,,,,8119.5,-18824.5
0,124600,COCONUTS,8117.0,178.0,,,,,8120.0,178.0,,,,,8118.5,-17848.0
0,124700,COCONUTS,8118.0,50.0,8117.0,112.0,,,8120.0,162.0,,,,,8119.0,-18124.5
0,124800,COCONUTS,8117.0,218.0,,,,,8120.0,218.0,,,,,8118.5,-17953.5
0,124900,COCONUTS,8117.0,171.0,,,,,8120.0,171.0,,,,,8118.5,-17480.0
0,125000,COCONUTS,8117.0,212.0,,,,,8120.0,212.0,,,,,8118.5,-17636.5
0,125100,COCONUTS,8118.0,171.0,,,,,8121.0,171.0,,,,,8119.5,-18510.0
0,125200,COCONUTS,8116.0,165.0,,,,,8119.0,165.0,,,,,8117.5,-16635.0
0,125300,COCONUTS,8115.0,180.0,,,,,8118.0,180.0,,,,,8116.5,-15842.0
0,125400,COCONUTS,8115.0,224.0,,,,,8118.0,224.0,,,,,8116.5,-16076.0
0,125500,COCONUTS,8116.0,44.0,8115.0,121.0,,,8118.0,165.0,,,,,8117.0,-16176.0
0,125600,COCONUTS,8116.0,144.0,,,,,8119.0,144.0,,,,,8117.5,-17003.0
0,125700,COCONUTS,8116.0,204.0,,,,,8119.0,204.0,,,,,8117.5,-16622.5
0,125800,COCONUTS,8117.0,160.0,,,,,8120.0,160.0,,,,,8118.5,-17550.5
0,125900,COCONUTS,8117.0,147.0,,,,,8120.0,147.0,,,,,8118.5,-17800.0
0,126000,COCONUTS,8116.0,183.0,,,,,8119.0,183.0,,,,,8117.5,-16695.5
0,126100,COCONUTS,8116.0,223.0,,,,,8119.0,223.0,,,,,8117.5,-16526.0
0,126200,COCONUTS,8115.0,190.0,,,,,8118.0,190.0,,,,,8116.5,-16033.5
0,126300,COCONUTS,8115.0,183.0,,,,,8117.0,60.0,8118.0,123.0,,,8116.0,-15486.0
0,126400,COCONUTS,8114.0,193.0,,,,,8117.0,193.0,,,,,8115.5,-14776.0
0,126500,COCONUTS,8114.0,162.0,,,,,8116.0,53.0,8117.0,109.0,,,8115.0,-14597.5
0,126600,COCONUTS,8115.0,46.0,8114.0,137.0,,,8117.0,183.0,,,,,8116.0,-15247.5
0,126700,COCONUTS,8114.0,177.0,,,,,8116.0,51.0,8117.0,126.0,,,8115.0,-14603.5
0,126800,COCONUTS,8113.0,190.0,,,,,8115.0,46.0,8116.0,144.0,,,8114.0,-13599.0
0,126900,COCONUTS,8112.0,197.0,,,,,8113.0,40.0,8115.0,197.0,,,8112.5,-13017.0
0,127000,COCONUTS,8113.0,196.0,,,,,8115.0,50.0,8116.0,146.0,,,8114.0,-13641.5
0,127100,COCONUTS,8112.0,164.0,,,,,8113.0,52.0,8115.0,164.0,,,8112.5,-13001.5
0,127200,COCONUTS,8112.0,106.0,8111.0,138.0,,,8114.0,64.0,8115.0,138.0,,,8113.0,-12609.5
0,127300,COCONUTS,8112.0,59.0,8111.0,173.0,,,8113.0,44.0,8114.0,129.0,,,8112.5,-11752.5
0,127400,COCONUTS,8110.0,167.0,,,,,8113.0,167.0,,,,,8111.5,-10941.0
0,127500,COCONUTS,8110.0,212.0,,,,,8113.0,212.0,,,,,8111.5,-11286.0
0,127600,COCONUTS,8111.0,110.0,8110.0,139.0,,,8113.0,207.0,,,,,8112.0,-11516.5
0,127700,COCONUTS,8111.0,202.0,,,,,8114.0,202.0,,,,,8112.5,-12111.0
0,127800,COCONUTS,8110.0,148.0,,,,,8112.0,43.0,8113.0,105.0,,,8111.0,-10928.5
0,127900,COCONUTS,8110.0,229.0,,,,,8113.0,229.0,,,,,8111.5,-11191.0
0,128000,COCONUTS,8111.0,29.0,8110.0,185.0,,,8112.0,55.0,8113.0,130.0,,,8111.5,-10770.5
0,128100,COCONUTS,8109.0,143.0,,,,,8110.0,45.0,8112.0,143.0,,,8109.5,-10570.5
0,128200,COCONUTS,8111.0,168.0,,,,,8114.0,168.0,,,,,8112.5,-11944.0
0,128300,COCONUTS,8112.0,190.0,,,,,8115.0,190.0,,,,,8113.5,-13240.0
0,128400,COCONUTS,8113.0,216.0,,,,,8115.0,80.0,8116.0,136.0,,,8114.0,-13594.0
0,128500,COCONUTS,8112.0,80.0,8111.0,102.0,,,8114.0,182.0,,,,,8113.0,-12492.5
0,128600,COCONUTS,8111.0,192.0,,,,,8112.0,52.0,8114.0,192.0,,,8111.5,-11961.0
0,128700,COCONUTS,8111.0,192.0,,,,,8114.0,192.0,,,,,8112.5,-12003.5
0,128800,COCONUTS,8109.0,178.0,,,,,8112.0,178.0,,,,,8110.5,-10237.0
0,128900,COCONUTS,8109.0,190.0,,,,,8112.0,190.0,,,,,8110.5,-10352.0
0,129000,COCONUTS,8110.0,230.0,,,,,8113.0,230.0,,,,,8111.5,-11064.0
0,129100,COCONUTS,8110.0,196.0,,,,,8113.0,196.0,,,,,8111.5,-11423.0
0,129200,COCONUTS,8111.0,79.0,8110.0,118.0,,,8113.0,197.0,,,,,8112.0,-11628.0
0,129300,COCONUTS,8111.0,68.0,8110.0,142.0,,,8113.0,210.0,,,,,8112.0,-11595.5
0,129400,COCONUTS,8110.0,156.0,,,,,8113.0,156.0,,,,,8111.5,-10976.5
0,129500,COCONUTS,8110.0,218.0,,,,,8113.0,218.0,,,,,8111.5,-11242.0
0,129600,COCONUTS,8110.0,205.0,,,,,8113.0,205.0,,,,,8111.5,-11147.5
0,129700,COCONUTS,8111.0,12.0,8109.0,177.0,,,8112.0,177.0,,,,,8111.5,-10152.0
0,129800,COCONUTS,8110.0,73.0,8109.0,140.0,,,8112.0,213.0,,,,,8111.0,-10667.5
0,129900,COCONUTS,8109.0,65.0,8108.0,110.0,,,8111.0,175.0,,,,,8110.0,-9710.0
0,130000,COCONUTS,8109.0,216.0,,,,,8112.0,216.0,,,,,8110.5,-10150.5
0,130100,COCONUTS,8110.0,201.0,,,,,8113.0,201.0,,,,,8111.5,-11014.5
0,130200,COCONUTS,8110.0,78.0,8109.0,145.0,,,8112.0,223.0,,,,,8111.0,-10601.5
0,130300,COCONUTS,8110.0,202.0,,,,,8112.0,65.0,8113.0,137.0,,,8111.0,-10831.0
0,130400,COCONUTS,8110.0,178.0,,,,,8112.0,65.0,8113.0,113.0,,,8111.0,-10901.0
0,130500,COCONUTS,8109.0,57.0,8108.0,134.0,,,8111.0,191.0,,,,,8110.0,-9768.5
0,130600,COCONUTS,8108.0,209.0,,,,,8111.0,209.0,,,,,8109.5,-9157.5
0,130700,COCONUTS,8110.0,78.0,8109.0,145.0,,,8112.0,223.0,,,,,8111.0,-10708.5
0,130800,COCONUTS,8111.0,41.0,8110.0,169.0,,,8112.0,68.0,8113.0,101.0,,,8111.5,-10892.5
0,130900,COCONUTS,8110.0,170.0,,,,,8113.0,170.0,,,,,8111.5,-11288.5
0,131000,COCONUTS,8111.0,184.0,,,,,8114.0,184.0,,,,,8112.5,-12040.0
0,131100,COCONUTS,8112.0,203.0,,,,,8114.0,57.0,8115.0,146.0,,,8113.0,-12815.5
0,131200,COCONUTS,8110.0,209.0,,,,,8112.0,79.0,8113.0,130.0,,,8111.0,-10898.5
0,131300,COCONUTS,8112.0,73.0,8111.0,145.0,,,8114.0,73.0,8115.0,145.0,,,8113.0,-12652.0
0,131400,COCONUTS,8111.0,202.0,,,,,8114.0,202.0,,,,,8112.5,-12328.0
0,131500,COCONUTS,8112.0,190.0,,,,,8115.0,190.0,,,,,8113.5,-13094.0
0,131600,COCONUTS,8111.0,167.0,,,,,8114.0,167.0,,,,,8112.5,-12267.0
0,131700,COCONUTS,8112.0,177.0,,,,,8115.0,177.0,,,,,8113.5,-12971.0
0,131800,COCONUTS,8114.0,142.0,,,,,8115.0,72.0,8116.0,44.0,8117.0,115.0,8114.5,-14567.5
0,131900,COCONUTS,8114.0,200.0,,,,,8117.0,200.0,,,,,8115.5,-15231.5
0,132000,COCONUTS,8115.0,184.0,,,,,8118.0,184.0,,,,,8116.5,-15895.5
0,132100,COCONUTS,8115.0,177.0,,,,,8118.0,177.0,,,,,8116.5,-15720.5
0,132200,COCONUTS,8116.0,7.0,8115.0,116.0,,,8118.0,180.0,,,,,8117.0,-16493.0
0,132300,COCONUTS,8114.0,199.0,,,,,8117.0,199.0,,,,,8115.5,-14800.0
0,132400,COCONUTS,8114.0,53.0,8113.0,139.0,,,8116.0,192.0,,,,,8115.0,-14421.0
0,132500,COCONUTS,8112.0,177.0,,,,,8115.0,177.0,,,,,8113.5,-13166.5
0,132600,COCONUTS,8113.0,188.0,,,,,8116.0,188.0,,,,,8114.5,-13950.5
0,132700,COCONUTS,8114.0,203.0,,,,,8116.0,72.0,8117.0,131.0,,,8115.0,-14594.5
0,132800,COCONUTS,8115.0,57.0,8114.0,209.0,,,8117.0,209.0,,,,,8116.0,-14946.0
0,132900,COCONUTS,8116.0,27.0,8114.0,174.0,,,8117.0,174.0,,,,,8116.5,-14994.0
0,133000,COCONUTS,8114.0,144.0,,,,,8116.0,40.0,8117.0,104.0,,,8115.0,-14576.5
0,133100,COCONUTS,8115.0,162.0,,,,,8117.0,58.0,8118.0,104.0,,,8116.0,-15609.5
0,133200,COCONUTS,8115.0,215.0,,,,,8117.0,74.0,8118.0,141.0,,,8116.0,-15586.5
0,133300,COCONUTS,8115.0,44.0,8114.0,138.0,,,8117.0,182.0,,,,,8116.0,-15476.0
0,133400,COCONUTS,8114.0,192.0,,,,,8116.0,49.0,8117.0,143.0,,,8115.0,-14528.5
0,133500,COCONUTS,8115.0,171.0,,,,,8117.0,42.0,8118.0,129.0,,,8116.0,-15677.0
0,133600,COCONUTS,8115.0,177.0,,,,,8118.0,177.0,,,,,8116.5,-15826.0
0,133700,COCONUTS,8115.0,53.0,8114.0,119.0,,,8117.0,172.0,,,,,8116.0,-15474.0
0,133800,COCONUTS,8115.0,198.0,,,,,8116.0,80.0,8118.0,198.0,,,8115.5,-15983.0
0,133900,COCONUTS,8114.0,177.0,,,,,8117.0,177.0,,,,,8115.5,-14879.0
0,134000,COCONUTS,8115.0,53.0,8114.0,219.0,,,8117.0,219.0,,,,,8116.0,-15038.5
0,134100,COCONUTS,8114.0,199.0,,,,,8117.0,199.0,,,,,8115.5,-15072.0
0,134200,COCONUTS,8114.0,183.0,,,,,8115.0,46.0,8116.0,66.0,8117.0,117.0,8114.5,-14666.0
0,134300,COCONUTS,8113.0,184.0,,,,,8116.0,184.0,,,,,8114.5,-13741.5
0,134400,COCONUTS,8115.0,53.0,8114.0,184.0,,,8117.0,184.0,,,,,8116.0,-14864.5
0,134500,COCONUTS,8114.0,56.0,8113.0,181.0,,,8116.0,181.0,,,,,8115.0,-13882.5
0,134600,COCONUTS,8113.0,195.0,,,,,8116.0,195.0,,,,,8114.5,-13875.0
0,134700,COCONUTS,8113.0,182.0,,,,,8115.0,51.0,8116.0,131.0,,,8114.0,-13640.5
0,134800,COCONUTS,8113.0,189.0,,,,,8114.0,72.0,8116.0,189.0,,,8113.5,-14132.0
0,134900,COCONUTS,8114.0,179.0,,,,,8117.0,179.0,,,,,8115.5,-14756.5
0,135000,COCONUTS,8114.0,62.0,8113.0,129.0,,,8116.0,62.0,8117.0,129.0,,,8115.0,-14477.0
0,135100,COCONUTS,8112.0,207.0,,,,,8115.0,207.0,,,,,8113.5,-13073.5
0,135200,COCONUTS,8112.0,196.0,,,,,8115.0,196.0,,,,,8113.5,-13152.5
0,135300,COCONUTS,8113.0,76.0,8112.0,143.0,,,8115.0,219.0,,,,,8114.0,-13392.0
0,135400,COCONUTS,8112.0,179.0,,,,,8114.0,62.0,8115.0,117.0,,,8113.0,-12531.0
0,135500,COCONUTS,8112.0,191.0,,,,,8114.0,53.0,8115.0,138.0,,,8113.0,-12590.5
0,135600,COCONUTS,8111.0,208.0,,,,,8114.0,208.0,,,,,8112.5,-12069.0
0,135700,COCONUTS,8111.0,217.0,,,,,8114.0,217.0,,,,,8112.5,-11822.0
0,135800,COCONUTS,8112.0,186.0,,,,,8115.0,186.0,,,,,8113.5,-12921.5
0,135900,COCONUTS,8112.0,149.0,,,,,8115.0,149.0,,,,,8113.5,-13179.0
0,136000,COCONUTS,8111.0,218.0,,,,,8114.0,218.0,,,,,8112.5,-12053.0
0,136100,COCONUTS,8111.0,204.0,,,,,8114.0,204.0,,,,,8112.5,-12077.0
0,136200,COCONUTS,8109.0,175.0,,,,,8112.0,175.0,,,,,8110.5,-10186.5
0,136300,COCONUTS,8109.0,148.0,,,,,8111.0,43.0,8112.0,105.0,,,8110.0,-9430.0
0,136400,COCONUTS,8109.0,214.0,,,,,8112.0,214.0,,,,,8110.5,-9721.5
0,136500,COCONUTS,8109.0,182.0,,,,,8112.0,182.0,,,,,8110.5,-9705.0
0,136600,COCONUTS,8108.0,189.0,,,,,8111.0,189.0,,,,,8109.5,-9050.0
0,136700,COCONUTS,8109.0,208.0,,,,,8112.0,208.0,,,,,8110.5,-9774.0
0,136800,COCONUTS,8109.0,186.0,,,,,8112.0,186.0,,,,,8110.5,-9901.5
0,136900,COCONUTS,8109.0,224.0,,,,,8112.0,224.0,,,,,8110.5,-9604.0
0,137000,COCONUTS,8109.0,162.0,,,,,8112.0,162.0,,,,,8110.5,-10036.5
0,137100,COCONUTS,8109.0,216.0,,,,,8112.0,216.0,,,,,8110.5,-10175.5
0,137200,COCONUTS,8110.0,208.0,,,,,8113.0,208.0,,,,,8111.5,-10932.5
0,137300,COCONUTS,8111.0,55.0,8110.0,177.0,,,8113.0,177.0,,,,,8112.0,-11178.5
0,137400,COCONUTS,8110.0,47.0,8109.0,112.0,,,8112.0,159.0,,,,,8111.0,-10321.0
0,137500,COCONUTS,8110.0,193.0,,,,,8113.0,193.0,,,,,8111.5,-11012.0
0,137600,COCONUTS,8110.0,195.0,,,,,8113.0,195.0,,,,,8111.5,-10823.5
0,137700,COCONUTS,8110.0,55.0,8109.0,132.0,,,8112.0,187.0,,,,,8111.0,-10327.5
0,137800,COCONUTS,8110.0,181.0,,,,,8112.0,68.0,8113.0,113.0,,,8111.0,-10586.0
0,137900,COCONUTS,8109.0,188.0,,,,,8112.0,188.0,,,,,8110.5,-10066.5
0,138000,COCONUTS,8110.0,169.0,,,,,8112.0,66.0,8113.0,103.0,,,8111.0,-10466.0
0,138100,COCONUTS,8110.0,195.0,,,,,8113.0,195.0,,,,,8111.5,-10688.0
0,138200,COCONUTS,8110.0,226.0,,,,,8112.0,79.0,8113.0,147.0,,,8111.0,-10522.5
0,138300,COCONUTS,8109.0,76.0,8108.0,103.0,,,8111.0,179.0,,,,,8110.0,-9350.0
0,138400,COCONUTS,8110.0,78.0,8109.0,133.0,,,8112.0,211.0,,,,,8111.0,-10397.5
0,138500,COCONUTS,8110.0,156.0,,,,,8113.0,156.0,,,,,8111.5,-10666.0
0,138600,COCONUTS,8110.0,192.0,,,,,8113.0,192.0,,,,,8111.5,-11084.5
0,138700,COCONUTS,8110.0,56.0,8109.0,141.0,,,8112.0,197.0,,,,,8111.0,-10358.0
0,138800,COCONUTS,8109.0,189.0,,,,,8112.0,189.0,,,,,8110.5,-9764.0
0,138900,COCONUTS,8109.0,183.0,,,,,8112.0,183.0,,,,,8110.5,-10033.5
0,139000,COCONUTS,8110.0,80.0,8109.0,114.0,,,8112.0,194.0,,,,,8111.0,-10259.5
0,139100,COCONUTS,8109.0,159.0,,,,,8112.0,159.0,,,,,8110.5,-9877.5
0,139200,COCONUTS,8110.0,164.0,,,,,8113.0,164.0,,,,,8111.5,-11219.5
0,139300,COCONUTS,8110.0,191.0,,,,,8113.0,191.0,,,,,8111.5,-10958.5
0,139400,COCONUTS,8110.0,53.0,8109.0,113.0,,,8112.0,166.0,,,,,8111.0,-10347.0
0,139500,COCONUTS,8109.0,66.0,8108.0,123.0,,,8111.0,189.0,,,,,8110.0,-9320.5
0,139600,COCONUTS,8108.0,183.0,,,,,8111.0,183.0,,,,,8109.5,-8814.5
0,139700,COCONUTS,8109.0,159.0,,,,,8111.0,42.0,8112.0,117.0,,,8110.0,-9479.0
