day,timestamp,product,bid_price_1,bid_volume_1,bid_price_2,bid_volume_2,bid_price_3,bid_volume_3,ask_price_1,ask_volume_1,ask_price_2,ask_volume_2,ask_price_3,ask_volume_3,mid_price,profit_and_loss
0,0,DIVING_GEAR,99999.0,6.0,99998.0,19.0,,,100001.0,6.0,100002.0,19.0,,,100000.0,0.0
0,100,DIVING_GEAR,99999.0,5.0,99998.0,12.0,,,100001.0,5.0,100002.0,12.0,,,100000.0,0.0
0,200,DIVING_GEAR,100002.0,2.0,100001.0,10.0,100000.0,14.0,100003.0,10.0,100004.0,14.0,,,100002.5,-2.875
0,300,DIVING_GEAR,99999.0,9.0,99998.0,11.0,,,100001.0,9.0,100002.0,11.0,,,100000.0,-1.140625
0,400,DIVING_GEAR,99993.0,19.0,,,,,99996.0,19.0,,,,,99994.5,4.484375
0,500,DIVING_GEAR,99990.0,22.0,,,,,99993.0,22.0,,,,,99991.5,7.3515625
0,600,DIVING_GEAR,99984.0,22.0,,,,,99987.0,22.0,,,,,99985.5,13.609375
0,700,DIVING_GEAR,99985.0,5.0,99984.0,16.0,,,99987.0,5.0,99988.0,16.0,,,99986.0,13.234375
0,800,DIVING_GEAR,99993.0,5.0,99992.0,10.0,,,99995.0,5.0,99996.0,10.0,,,99994.0,4.8046875
0,900,DIVING_GEAR,99990.0,9.0,99989.0,20.0,,,99992.0,9.0,99993.0,20.0,,,99991.0,7.9140625
0,1000,DIVING_GEAR,99986.0,7.0,99985.0,16.0,,,99988.0,7.0,99989.0,16.0,,,99987.0,11.828125
0,1100,DIVING_GEAR,99989.0,23.0,,,,,99991.0,7.0,99992.0,16.0,,,99990.0,8.75
0,1200,DIVING_GEAR,99991.0,18.0,,,,,99994.0,18.0,,,,,99992.5,6.515625
0,1300,DIVING_GEAR,99992.0,10.0,99991.0,14.0,,,99994.0,10.0,99995.0,14.0,,,99993.0,5.859375
0,1400,DIVING_GEAR,99986.0,22.0,,,,,99989.0,22.0,,,,,99987.5,11.7265625
0,1500,DIVING_GEAR,99986.0,5.0,99985.0,18.0,,,99988.0,5.0,99989.0,18.0,,,99987.0,11.921875
0,1600,DIVING_GEAR,99990.0,17.0,,,,,99993.0,17.0,,,,,99991.5,7.546875
0,1700,DIVING_GEAR,99982.0,10.0,99981.0,20.0,,,99984.0,10.0,99985.0,20.0,,,99983.0,16.0234375
0,1800,DIVING_GEAR,99979.0,10.0,99978.0,12.0,,,99981.0,10.0,99982.0,12.0,,,99980.0,18.9140625
0,1900,DIVING_GEAR,99967.0,9.0,99966.0,17.0,,,99969.0,9.0,99970.0,17.0,,,99968.0,30.890625
0,2000,DIVING_GEAR,99959.0,10.0,99958.0,14.0,,,99961.0,10.0,99962.0,14.0,,,99960.0,39.0234375
0,2100,DIVING_GEAR,99947.0,21.0,,,,,99950.0,21.0,,,,,99948.5,50.625
0,2200,DIVING_GEAR,99946.0,6.0,99945.0,15.0,,,99948.0,6.0,99949.0,15.0,,,99947.0,52.1171875
0,2300,DIVING_GEAR,99938.0,6.0,99937.0,18.0,,,99940.0,6.0,99941.0,18.0,,,99939.0,60.1015625
0,2400,DIVING_GEAR,99939.0,20.0,,,,,99942.0,20.0,,,,,99940.5,58.40625
0,2500,DIVING_GEAR,99940.0,22.0,,,,,99943.0,22.0,,,,,99941.5,57.4296875
0,2600,DIVING_GEAR,99939.0,24.0,,,,,99942.0,24.0,,,,,99940.5,58.609375
0,2700,DIVING_GEAR,99923.0,27.0,,,,,99926.0,27.0,,,,,99924.5,74.4609375
0,2800,DIVING_GEAR,99920.0,5.0,99919.0,20.0,,,99922.0,5.0,99923.0,20.0,,,99921.0,77.859375
0,2900,DIVING_GEAR,99920.0,7.0,99919.0,18.0,,,99922.0,7.0,99923.0,18.0,,,99921.0,78.1796875
0,3000,DIVING_GEAR,99920.0,20.0,,,,,99923.0,20.0,,,,,99921.5,77.46875
0,3100,DIVING_GEAR,99911.0,8.0,99910.0,19.0,,,99913.0,8.0,99914.0,19.0,,,99912.0,87.109375
0,3200,DIVING_GEAR,99908.0,7.0,99907.0,12.0,,,99910.0,7.0,99911.0,12.0,,,99909.0,90.125
0,3300,DIVING_GEAR,99901.0,15.0,,,,,99904.0,15.0,,,,,99902.5,96.2890625
0,3400,DIVING_GEAR,99896.0,17.0,,,,,99899.0,17.0,,,,,99897.5,101.390625
0,3500,DIVING_GEAR,99903.0,17.0,,,,,99906.0,17.0,,,,,99904.5,94.71875
0,3600,DIVING_GEAR,99898.0,7.0,99897.0,16.0,,,99900.0,7.0,99901.0,16.0,,,99899.0,99.8125
0,3700,DIVING_GEAR,99898.0,7.0,99897.0,10.0,,,99900.0,7.0,99901.0,10.0,,,99899.0,100.0234375
0,3800,DIVING_GEAR,99903.0,18.0,,,,,99906.0,18.0,,,,,99904.5,94.46875
0,3900,DIVING_GEAR,99900.0,5.0,99899.0,10.0,,,99902.0,5.0,99903.0,10.0,,,99901.0,98.1484375
0,4000,DIVING_GEAR,99899.0,8.0,99898.0,13.0,,,99901.0,8.0,99902.0,13.0,,,99900.0,98.859375
0,4100,DIVING_GEAR,99900.0,6.0,99899.0,19.0,,,99902.0,6.0,99903.0,19.0,,,99901.0,98.171875
0,4200,DIVING_GEAR,99900.0,8.0,99899.0,12.0,,,99902.0,8.0,99903.0,12.0,,,99901.0,97.78125
0,4300,DIVING_GEAR,99892.0,20.0,,,,,99895.0,20.0,,,,,99893.5,105.5
0,4400,DIVING_GEAR,99893.0,8.0,99892.0,18.0,,,99895.0,8.0,99896.0,18.0,,,99894.0,105.03125
0,4500,DIVING_GEAR,99901.0,19.0,,,,,99904.0,19.0,,,,,99902.5,96.484375
0,4600,DIVING_GEAR,99892.0,7.0,99891.0,12.0,,,99894.0,7.0,99895.0,12.0,,,99893.0,106.2265625
0,4700,DIVING_GEAR,99897.0,10.0,99896.0,18.0,,,99899.0,10.0,99900.0,18.0,,,99898.0,100.828125
0,4800,DIVING_GEAR,99898.0,7.0,99897.0,15.0,,,99900.0,7.0,99901.0,15.0,,,99899.0,100.0859375
0,4900,DIVING_GEAR,99894.0,10.0,99893.0,10.0,,,99896.0,10.0,99897.0,10.0,,,99895.0,104.1328125
0,5000,DIVING_GEAR,99906.0,19.0,,,,,99909.0,19.0,,,,,99907.5,91.5546875
0,5100,DIVING_GEAR,99911.0,5.0,99910.0,15.0,,,99913.0,5.0,99914.0,15.0,,,99912.0,86.765625
0,5200,DIVING_GEAR,99903.0,24.0,,,,,99906.0,24.0,,,,,99904.5,94.3203125
0,5300,DIVING_GEAR,99904.0,5.0,99903.0,14.0,,,99906.0,5.0,99907.0,14.0,,,99905.0,93.859375
0,5400,DIVING_GEAR,99908.0,10.0,99907.0,20.0,,,99910.0,10.0,99911.0,20.0,,,99909.0,90.234375
0,5500,DIVING_GEAR,99906.0,27.0,,,,,99909.0,27.0,,,,,99907.5,91.4296875
0,5600,DIVING_GEAR,99912.0,1.0,99911.0,7.0,99910.0,12.0,99913.0,7.0,99914.0,12.0,,,99912.5,87.140625
0,5700,DIVING_GEAR,99910.0,18.0,,,,,99913.0,18.0,,,,,99911.5,87.5703125
0,5800,DIVING_GEAR,99914.0,19.0,,,,,99917.0,19.0,,,,,99915.5,83.3828125
0,5900,DIVING_GEAR,99923.0,26.0,,,,,99926.0,26.0,,,,,99924.5,74.3359375
0,6000,DIVING_GEAR,99919.0,16.0,,,,,99922.0,16.0,,,,,99920.5,78.59375
0,6100,DIVING_GEAR,99920.0,17.0,,,,,99923.0,17.0,,,,,99921.5,77.3203125
0,6200,DIVING_GEAR,99918.0,5.0,99917.0,13.0,,,99920.0,18.0,,,,,99919.0,80.25
0,6300,DIVING_GEAR,99918.0,27.0,,,,,99921.0,27.0,,,,,99919.5,79.453125
0,6400,DIVING_GEAR,99911.0,10.0,99910.0,16.0,,,99913.0,10.0,99914.0,16.0,,,99912.0,86.9375
0,6500,DIVING_GEAR,99907.0,29.0,,,,,99910.0,29.0,,,,,99908.5,90.59375
0,6600,DIVING_GEAR,99906.0,7.0,99905.0,14.0,,,99908.0,7.0,99909.0,14.0,,,99907.0,91.8359375
0,6700,DIVING_GEAR,99912.0,10.0,99911.0,18.0,,,99914.0,10.0,99915.0,18.0,,,99913.0,86.1875
0,6800,DIVING_GEAR,99919.0,9.0,99918.0,17.0,,,99921.0,9.0,99922.0,17.0,,,99920.0,78.984375
0,6900,DIVING_GEAR,99910.0,30.0,,,,,99913.0,30.0,,,,,99911.5,87.328125
0,7000,DIVING_GEAR,99905.0,18.0,,,,,99908.0,18.0,,,,,99906.5,105.0
0,7100,DIVING_GEAR,99909.0,23.0,,,,,99912.0,23.0,,,,,99910.5,92.8125
0,7200,DIVING_GEAR,99897.0,10.0,99896.0,11.0,,,99899.0,10.0,99900.0,11.0,,,99898.0,130.46875
0,7300,DIVING_GEAR,99894.0,25.0,,,,,99897.0,25.0,,,,,99895.5,139.21875
0,7400,DIVING_GEAR,99893.0,19.0,,,,,99896.0,19.0,,,,,99894.5,141.0625
0,7500,DIVING_GEAR,99901.0,20.0,,,,,99904.0,20.0,,,,,99902.5,98.3125
0,7600,DIVING_GEAR,99906.0,7.0,99905.0,10.0,,,99908.0,7.0,99909.0,10.0,,,99907.0,76.65625
0,7700,DIVING_GEAR,99904.0,10.0,99903.0,15.0,,,99906.0,10.0,99907.0,15.0,,,99905.0,86.96875
0,7800,DIVING_GEAR,99901.0,21.0,,,,,99904.0,21.0,,,,,99902.5,98.625
0,7900,DIVING_GEAR,99900.0,8.0,99899.0,15.0,,,99902.0,8.0,99903.0,15.0,,,99901.0,106.5625
0,8000,DIVING_GEAR,99909.0,23.0,,,,,99912.0,23.0,,,,,99910.5,58.65625
0,8100,DIVING_GEAR,99907.0,10.0,99906.0,15.0,,,99909.0,10.0,99910.0,15.0,,,99908.0,72.125
0,8200,DIVING_GEAR,99905.0,6.0,99904.0,11.0,,,99907.0,6.0,99908.0,11.0,,,99906.0,81.75
0,8300,DIVING_GEAR,99907.0,7.0,99906.0,17.0,,,99909.0,7.0,99910.0,17.0,,,99908.0,70.6875
0,8400,DIVING_GEAR,99906.0,26.0,,,,,99909.0,26.0,,,,,99907.5,74.5625
0,8500,DIVING_GEAR,99905.0,8.0,99904.0,11.0,,,99907.0,8.0,99908.0,11.0,,,99906.0,80.6875
0,8600,DIVING_GEAR,99898.0,8.0,99897.0,12.0,,,99900.0,10.0,99901.0,12.0,,,99899.0,127.8125
0,8700,DIVING_GEAR,99898.0,8.0,99897.0,13.0,,,99900.0,8.0,99901.0,13.0,,,99899.0,128.5
0,8800,DIVING_GEAR,99895.0,5.0,99894.0,15.0,,,99897.0,5.0,99898.0,15.0,,,99896.0,153.75
0,8900,DIVING_GEAR,99902.0,16.0,,,,,99905.0,16.0,,,,,99903.5,87.6875
0,9000,DIVING_GEAR,99906.0,16.0,,,,,99909.0,16.0,,,,,99907.5,50.8125
0,9100,DIVING_GEAR,99906.0,25.0,,,,,99909.0,25.0,,,,,99907.5,52.25
0,9200,DIVING_GEAR,99910.0,28.0,,,,,99913.0,28.0,,,,,99911.5,14.5
0,9300,DIVING_GEAR,99908.0,16.0,,,,,99911.0,16.0,,,,,99909.5,33.75
0,9400,DIVING_GEAR,99915.0,9.0,99914.0,15.0,,,99917.0,9.0,99918.0,15.0,,,99916.0,-25.6875
0,9500,DIVING_GEAR,99915.0,6.0,99914.0,14.0,,,99917.0,6.0,99918.0,14.0,,,99916.0,-25.375
0,9600,DIVING_GEAR,99918.0,22.0,,,,,99921.0,22.0,,,,,99919.5,-58.3125
0,9700,DIVING_GEAR,99910.0,23.0,,,,,99913.0,23.0,,,,,99911.5,14.875
0,9800,DIVING_GEAR,99912.0,20.0,,,,,99915.0,20.0,,,,,99913.5,-4.6875
0,9900,DIVING_GEAR,99902.0,9.0,99901.0,13.0,,,99904.0,9.0,99905.0,13.0,,,99903.0,91.0
0,10000,DIVING_GEAR,99889.0,28.0,,,,,99892.0,28.0,,,,,99890.5,206.375
0,10100,DIVING_GEAR,99887.0,20.0,,,,,99890.0,20.0,,,,,99888.5,223.6875
0,10200,DIVING_GEAR,99881.0,20.0,,,,,99884.0,20.0,,,,,99882.5,274.75
0,10300,DIVING_GEAR,99882.0,26.0,,,,,99885.0,26.0,,,,,99883.5,265.5
0,10400,DIVING_GEAR,99897.0,7.0,99896.0,16.0,,,99899.0,7.0,99900.0,16.0,,,99898.0,138.5
0,10500,DIVING_GEAR,99891.0,28.0,,,,,99894.0,28.0,,,,,99892.5,185.625
0,10600,DIVING_GEAR,99887.0,27.0,,,,,99890.0,27.0,,,,,99888.5,226.375
0,10700,DIVING_GEAR,99890.0,1.0,99889.0,9.0,99888.0,14.0,99891.0,9.0,99892.0,14.0,,,99890.5,213.5625
0,10800,DIVING_GEAR,99892.0,6.0,99891.0,18.0,,,99894.0,6.0,99895.0,18.0,,,99893.0,182.625
0,10900,DIVING_GEAR,99891.0,6.0,99890.0,11.0,,,99893.0,6.0,99894.0,11.0,,,99892.0,193.75
0,11000,DIVING_GEAR,99889.0,24.0,,,,,99892.0,24.0,,,,,99890.5,206.8125
0,11100,DIVING_GEAR,99894.0,7.0,99893.0,18.0,,,99896.0,7.0,99897.0,18.0,,,99895.0,162.6875
0,11200,DIVING_GEAR,99897.0,19.0,,,,,99900.0,19.0,,,,,99898.5,130.125
0,11300,DIVING_GEAR,99891.0,10.0,99890.0,10.0,,,99893.0,10.0,99894.0,10.0,,,99892.0,195.1875
0,11400,DIVING_GEAR,99890.0,24.0,,,,,99893.0,24.0,,,,,99891.5,200.25
0,11500,DIVING_GEAR,99890.0,24.0,,,,,99893.0,24.0,,,,,99891.5,198.125
0,11600,DIVING_GEAR,99884.0,9.0,99883.0,12.0,,,99886.0,9.0,99887.0,12.0,,,99885.0,264.5625
0,11700,DIVING_GEAR,99885.0,22.0,,,,,99888.0,22.0,,,,,99886.5,248.3125
0,11800,DIVING_GEAR,99880.0,9.0,99879.0,19.0,,,99882.0,9.0,99883.0,19.0,,,99881.0,302.375
0,11900,DIVING_GEAR,99886.0,10.0,99885.0,17.0,,,99888.0,10.0,99889.0,17.0,,,99887.0,241.25
0,12000,DIVING_GEAR,99887.0,22.0,,,,,99890.0,22.0,,,,,99888.5,229.25
0,12100,DIVING_GEAR,99888.0,6.0,99887.0,18.0,,,99890.0,6.0,99891.0,18.0,,,99889.0,223.6875
0,12200,DIVING_GEAR,99884.0,6.0,99883.0,12.0,,,99886.0,6.0,99887.0,12.0,,,99885.0,261.0
0,12300,DIVING_GEAR,99883.0,24.0,,,,,99886.0,24.0,,,,,99884.5,268.5625
0,12400,DIVING_GEAR,99871.0,7.0,99870.0,11.0,,,99873.0,7.0,99874.0,11.0,,,99872.0,394.3125
0,12500,DIVING_GEAR,99863.0,21.0,,,,,99866.0,21.0,,,,,99864.5,465.5625
0,12600,DIVING_GEAR,99866.0,8.0,99865.0,12.0,,,99868.0,8.0,99869.0,12.0,,,99867.0,442.875
0,12700,DIVING_GEAR,99852.0,26.0,,,,,99855.0,26.0,,,,,99853.5,576.8125
0,12800,DIVING_GEAR,99858.0,9.0,99857.0,13.0,,,99860.0,9.0,99861.0,13.0,,,99859.0,523.625
0,12900,DIVING_GEAR,99847.0,7.0,99846.0,15.0,,,99849.0,7.0,99850.0,15.0,,,99848.0,633.5625
0,13000,DIVING_GEAR,99851.0,21.0,,,,,99854.0,21.0,,,,,99852.5,586.0625
0,13100,DIVING_GEAR,99846.0,25.0,,,,,99849.0,25.0,,,,,99847.5,639.3125
0,13200,DIVING_GEAR,99851.0,26.0,,,,,99854.0,26.0,,,,,99852.5,590.4375
0,13300,DIVING_GEAR,99852.0,10.0,99851.0,15.0,,,99854.0,10.0,99855.0,15.0,,,99853.0,582.25
0,13400,DIVING_GEAR,99842.0,19.0,,,,,99845.0,19.0,,,,,99843.5,679.0
0,13500,DIVING_GEAR,99850.0,25.0,,,,,99852.0,9.0,99853.0,16.0,,,99851.0,600.5
0,13600,DIVING_GEAR,99859.0,24.0,,,,,99862.0,24.0,,,,,99860.5,509.875
0,13700,DIVING_GEAR,99859.0,5.0,99858.0,19.0,,,99861.0,5.0,99862.0,19.0,,,99860.0,514.125
0,13800,DIVING_GEAR,99857.0,8.0,99856.0,12.0,,,99859.0,8.0,99860.0,12.0,,,99858.0,531.4375
0,13900,DIVING_GEAR,99856.0,10.0,99855.0,20.0,,,99858.0,10.0,99859.0,20.0,,,99857.0,541.625
0,14000,DIVING_GEAR,99850.0,8.0,99849.0,13.0,,,99852.0,8.0,99853.0,13.0,,,99851.0,603.0
0,14100,DIVING_GEAR,99857.0,6.0,99856.0,20.0,,,99859.0,6.0,99860.0,20.0,,,99858.0,533.9375
0,14200,DIVING_GEAR,99853.0,18.0,,,,,99856.0,18.0,,,,,99854.5,568.25
0,14300,DIVING_GEAR,99853.0,9.0,99852.0,20.0,,,99855.0,9.0,99856.0,20.0,,,99854.0,571.5
0,14400,DIVING_GEAR,99848.0,8.0,99847.0,16.0,,,99850.0,8.0,99851.0,16.0,,,99849.0,621.5
0,14500,DIVING_GEAR,99844.0,9.0,99843.0,14.0,,,99846.0,9.0,99847.0,14.0,,,99845.0,661.0
0,14600,DIVING_GEAR,99836.0,9.0,99835.0,11.0,,,99838.0,9.0,99839.0,11.0,,,99837.0,741.4375
0,14700,DIVING_GEAR,99844.0,10.0,99843.0,11.0,,,99846.0,10.0,99847.0,11.0,,,99845.0,662.4375
0,14800,DIVING_GEAR,99843.0,10.0,99842.0,14.0,,,99845.0,10.0,99846.0,14.0,,,99844.0,672.25
0,14900,DIVING_GEAR,99849.0,7.0,99848.0,15.0,,,99851.0,7.0,99852.0,15.0,,,99850.0,590.125
0,15000,DIVING_GEAR,99849.0,2.0,99848.0,13.0,,,99851.0,5.0,99852.0,13.0,,,99850.0,585.375
0,15100,DIVING_GEAR,99845.0,10.0,99844.0,14.0,,,99847.0,10.0,99848.0,14.0,,,99846.0,655.5
0,15200,DIVING_GEAR,99843.0,5.0,99842.0,11.0,,,99845.0,5.0,99846.0,11.0,,,99844.0,688.5
0,15300,DIVING_GEAR,99839.0,19.0,,,,,99841.0,5.0,99842.0,14.0,,,99840.0,745.0
0,15400,DIVING_GEAR,99839.0,27.0,,,,,99842.0,27.0,,,,,99840.5,744.25
0,15500,DIVING_GEAR,99837.0,5.0,99836.0,15.0,,,99839.0,5.0,99840.0,15.0,,,99838.0,782.25
0,15600,DIVING_GEAR,99835.0,8.0,99834.0,18.0,,,99837.0,8.0,99838.0,18.0,,,99836.0,812.5
0,15700,DIVING_GEAR,99826.0,18.0,,,,,99829.0,18.0,,,,,99827.5,951.375
0,15800,DIVING_GEAR,99821.0,17.0,,,,,99824.0,17.0,,,,,99822.5,1032.625
0,15900,DIVING_GEAR,99831.0,25.0,,,,,99834.0,25.0,,,,,99832.5,866.375
0,16000,DIVING_GEAR,99827.0,21.0,,,,,99830.0,21.0,,,,,99828.5,934.0
0,16100,DIVING_GEAR,99821.0,8.0,99820.0,15.0,,,99823.0,8.0,99824.0,15.0,,,99822.0,1040.25
0,16200,DIVING_GEAR,99823.0,6.0,99822.0,10.0,,,99825.0,6.0,99826.0,10.0,,,99824.0,1006.375
0,16300,DIVING_GEAR,99832.0,5.0,99831.0,16.0,,,99834.0,21.0,,,,,99833.0,865.0
0,16400,DIVING_GEAR,99822.0,23.0,,,,,99825.0,23.0,,,,,99823.5,1036.625
0,16500,DIVING_GEAR,99821.0,27.0,,,,,99824.0,27.0,,,,,99822.5,1061.625
0,16600,DIVING_GEAR,99817.0,26.0,,,,,99820.0,26.0,,,,,99818.5,1137.375
0,16700,DIVING_GEAR,99806.0,6.0,99805.0,16.0,,,99808.0,6.0,99809.0,16.0,,,99807.0,1347.875
0,16800,DIVING_GEAR,99811.0,9.0,99810.0,14.0,,,99813.0,9.0,99814.0,14.0,,,99812.0,1260.25
0,16900,DIVING_GEAR,99810.0,24.0,,,,,99813.0,24.0,,,,,99811.5,1263.25
0,17000,DIVING_GEAR,99811.0,6.0,99810.0,20.0,,,99813.0,6.0,99814.0,20.0,,,99812.0,1254.75
0,17100,DIVING_GEAR,99806.0,20.0,,,,,99809.0,20.0,,,,,99807.5,1344.875
0,17200,DIVING_GEAR,99809.0,10.0,99808.0,10.0,,,99811.0,10.0,99812.0,10.0,,,99810.0,1290.75
0,17300,DIVING_GEAR,99806.0,9.0,99805.0,11.0,,,99808.0,9.0,99809.0,11.0,,,99807.0,1355.25
0,17400,DIVING_GEAR,99805.0,7.0,99804.0,13.0,,,99807.0,7.0,99808.0,13.0,,,99806.0,1372.5
0,17500,DIVING_GEAR,99798.0,8.0,99797.0,11.0,,,99800.0,8.0,99801.0,11.0,,,99799.0,1505.0
0,17600,DIVING_GEAR,99790.0,25.0,,,,,99793.0,25.0,,,,,99791.5,1650.5
0,17700,DIVING_GEAR,99798.0,19.0,,,,,99801.0,19.0,,,,,99799.5,1491.125
0,17800,DIVING_GEAR,99795.0,22.0,,,,,99798.0,22.0,,,,,99796.5,1551.75
0,17900,DIVING_GEAR,99797.0,18.0,,,,,99800.0,18.0,,,,,99798.5,1516.25
0,18000,DIVING_GEAR,99797.0,7.0,99796.0,13.0,,,99799.0,7.0,99800.0,13.0,,,99798.0,1521.0
0,18100,DIVING_GEAR,99794.0,17.0,,,,,99797.0,17.0,,,,,99795.5,1582.25
0,18200,DIVING_GEAR,99791.0,7.0,99790.0,11.0,,,99793.0,4.0,99794.0,11.0,,,99792.0,1655.5
0,18300,DIVING_GEAR,99795.0,6.0,99794.0,10.0,,,99797.0,6.0,99798.0,10.0,,,99796.0,1556.75
0,18400,DIVING_GEAR,99793.0,6.0,99792.0,13.0,,,99795.0,6.0,99796.0,13.0,,,99794.0,1604.25
0,18500,DIVING_GEAR,99792.0,5.0,99791.0,18.0,,,99794.0,5.0,99795.0,18.0,,,99793.0,1628.25
0,18600,DIVING_GEAR,99792.0,20.0,,,,,99795.0,20.0,,,,,99793.5,1625.0
0,18700,DIVING_GEAR,99799.0,22.0,,,,,99802.0,22.0,,,,,99800.5,1440.25
0,18800,DIVING_GEAR,99804.0,5.0,99803.0,17.0,,,99806.0,5.0,99807.0,17.0,,,99805.0,1333.5
0,18900,DIVING_GEAR,99806.0,23.0,,,,,99809.0,23.0,,,,,99807.5,1273.5
0,19000,DIVING_GEAR,99803.0,8.0,99802.0,16.0,,,99805.0,8.0,99806.0,16.0,,,99804.0,1362.25
0,19100,DIVING_GEAR,99794.0,5.0,99793.0,16.0,,,99796.0,5.0,99797.0,16.0,,,99795.0,1579.75
0,19200,DIVING_GEAR,99800.0,10.0,99799.0,10.0,,,99802.0,10.0,99803.0,10.0,,,99801.0,1430.75
0,19300,DIVING_GEAR,99806.0,10.0,99805.0,17.0,,,99808.0,10.0,99809.0,17.0,,,99807.0,1279.0
0,19400,DIVING_GEAR,99805.0,26.0,,,,,99808.0,26.0,,,,,99806.5,1301.25
0,19500,DIVING_GEAR,99808.0,16.0,,,,,99811.0,16.0,,,,,99809.5,1216.5
0,19600,DIVING_GEAR,99813.0,26.0,,,,,99816.0,26.0,,,,,99814.5,1093.75
0,19700,DIVING_GEAR,99819.0,5.0,99818.0,16.0,,,99821.0,5.0,99822.0,16.0,,,99820.0,952.0
0,19800,DIVING_GEAR,99824.0,25.0,,,,,99827.0,25.0,,,,,99825.5,790.0
0,19900,DIVING_GEAR,99821.0,25.0,,,,,99824.0,25.0,,,,,99822.5,870.5
0,20000,DIVING_GEAR,99831.0,5.0,99830.0,14.0,,,99833.0,5.0,99834.0,14.0,,,99832.0,604.0
0,20100,DIVING_GEAR,99823.0,20.0,,,,,99826.0,20.0,,,,,99824.5,823.75
0,20200,DIVING_GEAR,99829.0,5.0,99828.0,14.0,,,99831.0,5.0,99832.0,14.0,,,99830.0,672.0
0,20300,DIVING_GEAR,99832.0,10.0,99831.0,15.0,,,99834.0,10.0,99835.0,15.0,,,99833.0,585.5
0,20400,DIVING_GEAR,99837.0,21.0,,,,,99840.0,21.0,,,,,99838.5,423.0
0,20500,DIVING_GEAR,99849.0,9.0,99848.0,11.0,,,99851.0,9.0,99852.0,11.0,,,99850.0,68.75
0,20600,DIVING_GEAR,99858.0,23.0,,,,,99861.0,23.0,,,,,99859.5,-211.0
0,20700,DIVING_GEAR,99851.0,22.0,,,,,99854.0,22.0,,,,,99852.5,5.25
0,20800,DIVING_GEAR,99840.0,26.0,,,,,99843.0,26.0,,,,,99841.5,324.0
0,20900,DIVING_GEAR,99846.0,6.0,99845.0,11.0,,,99848.0,6.0,99849.0,11.0,,,99847.0,170.25
0,21000,DIVING_GEAR,99839.0,28.0,,,,,99842.0,28.0,,,,,99840.5,362.0
0,21100,DIVING_GEAR,99839.0,16.0,,,,,99842.0,16.0,,,,,99840.5,364.5
0,21200,DIVING_GEAR,99844.0,27.0,,,,,99847.0,27.0,,,,,99845.5,206.5
0,21300,DIVING_GEAR,99834.0,8.0,99833.0,14.0,,,99836.0,8.0,99837.0,14.0,,,99835.0,516.75
0,21400,DIVING_GEAR,99821.0,8.0,99820.0,15.0,,,99823.0,8.0,99824.0,15.0,,,99822.0,915.25
0,21500,DIVING_GEAR,99822.0,21.0,,,,,99825.0,21.0,,,,,99823.5,866.5
0,21600,DIVING_GEAR,99824.0,2.0,99823.0,10.0,99822.0,16.0,99825.0,10.0,99826.0,16.0,,,99824.5,858.5
0,21700,DIVING_GEAR,99821.0,29.0,,,,,99824.0,29.0,,,,,99822.5,904.75
0,21800,DIVING_GEAR,99821.0,20.0,,,,,99824.0,20.0,,,,,99822.5,897.75
0,21900,DIVING_GEAR,99816.0,6.0,99815.0,16.0,,,99818.0,6.0,99819.0,16.0,,,99817.0,1060.5
0,22000,DIVING_GEAR,99806.0,25.0,,,,,99809.0,25.0,,,,,99807.5,1346.25
0,22100,DIVING_GEAR,99805.0,15.0,,,,,99808.0,15.0,,,,,99806.5,1377.75
0,22200,DIVING_GEAR,99799.0,18.0,,,,,99802.0,18.0,,,,,99800.5,1561.25
0,22300,DIVING_GEAR,99789.0,10.0,99788.0,11.0,,,99791.0,10.0,99792.0,11.0,,,99790.0,1871.75
0,22400,DIVING_GEAR,99792.0,20.0,,,,,99794.0,9.0,99795.0,11.0,,,99793.0,1776.5
0,22500,DIVING_GEAR,99792.0,10.0,99791.0,12.0,,,99794.0,10.0,99795.0,12.0,,,99793.0,1788.5
0,22600,DIVING_GEAR,99794.0,22.0,,,,,99797.0,22.0,,,,,99795.5,1712.0
0,22700,DIVING_GEAR,99788.0,8.0,99787.0,11.0,,,99790.0,8.0,99791.0,11.0,,,99789.0,1898.75
0,22800,DIVING_GEAR,99784.0,5.0,99783.0,10.0,,,99786.0,5.0,99787.0,10.0,,,99785.0,2032.0
0,22900,DIVING_GEAR,99777.0,20.0,,,,,99780.0,20.0,,,,,99778.5,2239.5
0,23000,DIVING_GEAR,99772.0,8.0,99771.0,20.0,,,99774.0,8.0,99775.0,20.0,,,99773.0,2423.5
0,23100,DIVING_GEAR,99773.0,17.0,,,,,99776.0,17.0,,,,,99774.5,2381.0
0,23200,DIVING_GEAR,99768.0,23.0,,,,,99771.0,23.0,,,,,99769.5,2559.25
0,23300,DIVING_GEAR,99770.0,15.0,,,,,99773.0,15.0,,,,,99771.5,2476.75
0,23400,DIVING_GEAR,99773.0,5.0,99772.0,18.0,,,99775.0,5.0,99776.0,18.0,,,99774.0,2398.25
0,23500,DIVING_GEAR,99785.0,19.0,,,,,99788.0,19.0,,,,,99786.5,1927.25
0,23600,DIVING_GEAR,99777.0,6.0,99776.0,19.0,,,99779.0,6.0,99780.0,19.0,,,99778.0,2251.75
0,23700,DIVING_GEAR,99782.0,21.0,,,,,99785.0,21.0,,,,,99783.5,2045.5
0,23800,DIVING_GEAR,99782.0,9.0,99781.0,20.0,,,99784.0,10.0,99785.0,20.0,,,99783.0,2066.0
0,23900,DIVING_GEAR,99781.0,21.0,,,,,99784.0,21.0,,,,,99782.5,2069.5
0,24000,DIVING_GEAR,99772.0,19.0,,,,,99775.0,19.0,,,,,99773.5,2416.25
0,24100,DIVING_GEAR,99769.0,25.0,,,,,99772.0,25.0,,,,,99770.5,2527.75
0,24200,DIVING_GEAR,99774.0,28.0,,,,,99777.0,28.0,,,,,99775.5,2345.75
0,24300,DIVING_GEAR,99774.0,9.0,99773.0,10.0,,,99776.0,9.0,99777.0,10.0,,,99775.0,2366.5
0,24400,DIVING_GEAR,99774.0,18.0,,,,,99777.0,18.0,,,,,99775.5,2346.75
0,24500,DIVING_GEAR,99772.0,22.0,,,,,99775.0,22.0,,,,,99773.5,2418.25
0,24600,DIVING_GEAR,99779.0,24.0,,,,,99782.0,24.0,,,,,99780.5,2136.0
0,24700,DIVING_GEAR,99779.0,22.0,,,,,99782.0,22.0,,,,,99780.5,2141.25
0,24800,DIVING_GEAR,99765.0,29.0,,,,,99768.0,29.0,,,,,99766.5,2681.0
0,24900,DIVING_GEAR,99761.0,28.0,,,,,99764.0,28.0,,,,,99762.5,2851.0
0,25000,DIVING_GEAR,99749.0,10.0,99748.0,16.0,,,99751.0,10.0,99752.0,16.0,,,99750.0,3334.0
0,25100,DIVING_GEAR,99728.0,22.0,,,,,99731.0,22.0,,,,,99729.5,4131.0
0,25200,DIVING_GEAR,99725.0,5.0,99724.0,20.0,,,99727.0,5.0,99728.0,20.0,,,99726.0,4261.0
0,25300,DIVING_GEAR,99733.0,18.0,,,,,99736.0,18.0,,,,,99734.5,3934.75
0,25400,DIVING_GEAR,99734.0,7.0,99733.0,13.0,,,99736.0,7.0,99737.0,13.0,,,99735.0,3923.5
0,25500,DIVING_GEAR,99726.0,26.0,,,,,99729.0,26.0,,,,,99727.5,4211.0
0,25600,DIVING_GEAR,99720.0,23.0,,,,,99723.0,23.0,,,,,99721.5,4441.75
0,25700,DIVING_GEAR,99727.0,20.0,,,,,99730.0,20.0,,,,,99728.5,4165.0
0,25800,DIVING_GEAR,99728.0,17.0,,,,,99731.0,17.0,,,,,99729.5,4126.75
0,25900,DIVING_GEAR,99729.0,8.0,99728.0,12.0,,,99731.0,8.0,99732.0,12.0,,,99730.0,4115.5
0,26000,DIVING_GEAR,99728.0,27.0,,,,,99731.0,27.0,,,,,99729.5,4128.75
0,26100,DIVING_GEAR,99729.0,8.0,99728.0,14.0,,,99731.0,8.0,99732.0,14.0,,,99730.0,4119.75
0,26200,DIVING_GEAR,99734.0,8.0,99733.0,10.0,,,99736.0,8.0,99737.0,10.0,,,99735.0,3923.0
0,26300,DIVING_GEAR,99737.0,21.0,,,,,99740.0,21.0,,,,,99738.5,3787.5
0,26400,DIVING_GEAR,99738.0,18.0,,,,,99741.0,18.0,,,,,99739.5,3735.25
0,26500,DIVING_GEAR,99732.0,5.0,99731.0,16.0,,,99734.0,5.0,99735.0,16.0,,,99733.0,3991.0
0,26600,DIVING_GEAR,99735.0,28.0,,,,,99738.0,28.0,,,,,99736.5,3866.25
0,26700,DIVING_GEAR,99731.0,7.0,99730.0,15.0,,,99733.0,7.0,99734.0,15.0,,,99732.0,4034.0
0,26800,DIVING_GEAR,99738.0,7.0,99737.0,20.0,,,99740.0,7.0,99741.0,20.0,,,99739.0,3766.25
0,26900,DIVING_GEAR,99731.0,1.0,99730.0,7.0,99729.0,11.0,99732.0,7.0,99733.0,11.0,,,99731.5,4078.25
0,27000,DIVING_GEAR,99729.0,8.0,99728.0,15.0,,,99731.0,8.0,99732.0,15.0,,,99730.0,4112.0
0,27100,DIVING_GEAR,99729.0,9.0,99728.0,10.0,,,99731.0,9.0,99732.0,10.0,,,99730.0,4114.25
0,27200,DIVING_GEAR,99720.0,17.0,,,,,99723.0,17.0,,,,,99721.5,4439.25
0,27300,DIVING_GEAR,99731.0,24.0,,,,,99734.0,24.0,,,,,99732.5,4017.75
0,27400,DIVING_GEAR,99740.0,28.0,,,,,99743.0,28.0,,,,,99741.5,3660.25
0,27500,DIVING_GEAR,99737.0,29.0,,,,,99740.0,29.0,,,,,99738.5,3774.0
0,27600,DIVING_GEAR,99742.0,20.0,,,,,99745.0,20.0,,,,,99743.5,3585.25
0,27700,DIVING_GEAR,99745.0,6.0,99744.0,11.0,,,99747.0,6.0,99748.0,11.0,,,99746.0,3492.75
0,27800,DIVING_GEAR,99728.0,19.0,,,,,99731.0,19.0,,,,,99729.5,4133.5
0,27900,DIVING_GEAR,99730.0,5.0,99729.0,18.0,,,99732.0,5.0,99733.0,18.0,,,99731.0,4072.5
0,28000,DIVING_GEAR,99729.0,24.0,,,,,99732.0,24.0,,,,,99730.5,4087.75
0,28100,DIVING_GEAR,99730.0,10.0,99729.0,10.0,,,99732.0,10.0,99733.0,10.0,,,99731.0,4067.5
0,28200,DIVING_GEAR,99723.0,18.0,,,,,99726.0,18.0,,,,,99724.5,4331.75
0,28300,DIVING_GEAR,99721.0,27.0,,,,,99724.0,27.0,,,,,99722.5,4398.25
0,28400,DIVING_GEAR,99720.0,20.0,,,,,99723.0,20.0,,,,,99721.5,4440.75
0,28500,DIVING_GEAR,99728.0,6.0,99727.0,17.0,,,99730.0,6.0,99731.0,17.0,,,99729.0,4127.25
0,28600,DIVING_GEAR,99730.0,8.0,99729.0,16.0,,,99732.0,8.0,99733.0,16.0,,,99731.0,4033.0
0,28700,DIVING_GEAR,99730.0,8.0,99729.0,11.0,,,99732.0,8.0,99733.0,11.0,,,99731.0,4035.0
0,28800,DIVING_GEAR,99739.0,26.0,,,,,99742.0,26.0,,,,,99740.5,3613.0
0,28900,DIVING_GEAR,99736.0,10.0,99735.0,14.0,,,99738.0,10.0,99739.0,14.0,,,99737.0,3767.0
0,29000,DIVING_GEAR,99733.0,23.0,,,,,99736.0,23.0,,,,,99734.5,3874.5
0,29100,DIVING_GEAR,99722.0,19.0,,,,,99725.0,19.0,,,,,99723.5,4377.5
0,29200,DIVING_GEAR,99732.0,5.0,99731.0,18.0,,,99734.0,5.0,99735.0,18.0,,,99733.0,3944.0
0,29300,DIVING_GEAR,99738.0,6.0,99737.0,19.0,,,99740.0,6.0,99741.0,19.0,,,99739.0,3678.0
0,29400,DIVING_GEAR,99744.0,10.0,99743.0,11.0,,,99746.0,10.0,99747.0,11.0,,,99745.0,3425.0
0,29500,DIVING_GEAR,99748.0,7.0,99747.0,20.0,,,99750.0,7.0,99751.0,20.0,,,99749.0,3240.0
0,29600,DIVING_GEAR,99749.0,9.0,99748.0,18.0,,,99751.0,9.0,99752.0,18.0,,,99750.0,3210.0
0,29700,DIVING_GEAR,99750.0,6.0,99749.0,18.0,,,99752.0,6.0,99753.0,18.0,,,99751.0,3151.0
0,29800,DIVING_GEAR,99748.0,27.0,,,,,99751.0,27.0,,,,,99749.5,3221.0
0,29900,DIVING_GEAR,99747.0,22.0,,,,,99750.0,22.0,,,,,99748.5,3277.5
0,30000,DIVING_GEAR,99747.0,27.0,,,,,99750.0,27.0,,,,,99748.5,3265.5
0,30100,DIVING_GEAR,99757.0,10.0,99756.0,19.0,,,99759.0,10.0,99760.0,19.0,,,99758.0,2829.0
0,30200,DIVING_GEAR,99760.0,25.0,,,,,99763.0,25.0,,,,,99761.5,2668.5
0,30300,DIVING_GEAR,99760.0,7.0,99759.0,12.0,,,99762.0,7.0,99763.0,12.0,,,99761.0,2686.0
0,30400,DIVING_GEAR,99756.0,27.0,,,,,99759.0,27.0,,,,,99757.5,2854.0
0,30500,DIVING_GEAR,99752.0,21.0,,,,,99755.0,21.0,,,,,99753.5,3038.0
0,30600,DIVING_GEAR,99762.0,17.0,,,,,99765.0,17.0,,,,,99763.5,2575.0
0,30700,DIVING_GEAR,99766.0,8.0,99765.0,12.0,,,99768.0,8.0,99769.0,12.0,,,99767.0,2429.0
0,30800,DIVING_GEAR,99766.0,10.0,99765.0,17.0,,,99768.0,10.0,99769.0,17.0,,,99767.0,2409.5
0,30900,DIVING_GEAR,99764.0,7.0,99763.0,18.0,,,99766.0,7.0,99767.0,18.0,,,99765.0,2510.0
0,31000,DIVING_GEAR,99757.0,9.0,99756.0,10.0,,,99759.0,9.0,99760.0,10.0,,,99758.0,2831.0
0,31100,DIVING_GEAR,99756.0,17.0,,,,,99759.0,17.0,,,,,99757.5,2851.0
0,31200,DIVING_GEAR,99762.0,8.0,99761.0,13.0,,,99764.0,8.0,99765.0,13.0,,,99763.0,2598.5
0,31300,DIVING_GEAR,99759.0,22.0,,,,,99762.0,22.0,,,,,99760.5,2712.5
0,31400,DIVING_GEAR,99758.0,7.0,99757.0,12.0,,,99760.0,7.0,99761.0,12.0,,,99759.0,2778.5
0,31500,DIVING_GEAR,99757.0,7.0,99756.0,11.0,,,99759.0,7.0,99760.0,11.0,,,99758.0,2843.0
0,31600,DIVING_GEAR,99757.0,26.0,,,,,99760.0,26.0,,,,,99758.5,2811.5
0,31700,DIVING_GEAR,99747.0,27.0,,,,,99750.0,27.0,,,,,99748.5,3272.5
0,31800,DIVING_GEAR,99746.0,10.0,99745.0,10.0,,,99748.0,10.0,99749.0,10.0,,,99747.0,3340.5
0,31900,DIVING_GEAR,99740.0,25.0,,,,,99743.0,25.0,,,,,99741.5,3588.5
0,32000,DIVING_GEAR,99746.0,5.0,99745.0,20.0,,,99748.0,5.0,99749.0,20.0,,,99747.0,3333.0
0,32100,DIVING_GEAR,99741.0,22.0,,,,,99744.0,22.0,,,,,99742.5,3556.0
0,32200,DIVING_GEAR,99745.0,6.0,99744.0,11.0,,,99747.0,6.0,99748.0,11.0,,,99746.0,3389.5
0,32300,DIVING_GEAR,99754.0,27.0,,,,,99757.0,27.0,,,,,99755.5,2949.5
0,32400,DIVING_GEAR,99752.0,22.0,,,,,99755.0,22.0,,,,,99753.5,3040.5
0,32500,DIVING_GEAR,99748.0,25.0,,,,,99751.0,25.0,,,,,99749.5,3214.5
0,32600,DIVING_GEAR,99750.0,7.0,99749.0,14.0,,,99752.0,7.0,99753.0,14.0,,,99751.0,3159.5
0,32700,DIVING_GEAR,99750.0,6.0,99749.0,12.0,,,99752.0,6.0,99753.0,12.0,,,99751.0,3160.5
0,32800,DIVING_GEAR,99743.0,29.0,,,,,99746.0,29.0,,,,,99744.5,3448.0
0,32900,DIVING_GEAR,99746.0,27.0,,,,,99749.0,27.0,,,,,99747.5,3315.5
0,33000,DIVING_GEAR,99759.0,10.0,99758.0,16.0,,,99761.0,10.0,99762.0,16.0,,,99760.0,2733.0
0,33100,DIVING_GEAR,99757.0,25.0,,,,,99760.0,25.0,,,,,99758.5,2808.0
0,33200,DIVING_GEAR,99756.0,27.0,,,,,99759.0,27.0,,,,,99757.5,2867.0
0,33300,DIVING_GEAR,99749.0,19.0,,,,,99752.0,19.0,,,,,99750.5,3169.5
0,33400,DIVING_GEAR,99751.0,29.0,,,,,99754.0,29.0,,,,,99752.5,3077.5
0,33500,DIVING_GEAR,99744.0,5.0,99743.0,17.0,,,99746.0,5.0,99747.0,17.0,,,99745.0,3438.5
0,33600,DIVING_GEAR,99737.0,10.0,99736.0,18.0,,,99739.0,10.0,99740.0,18.0,,,99738.0,3759.0
0,33700,DIVING_GEAR,99745.0,7.0,99744.0,13.0,,,99747.0,7.0,99748.0,13.0,,,99746.0,3389.5
0,33800,DIVING_GEAR,99739.0,9.0,99738.0,13.0,,,99741.0,9.0,99742.0,13.0,,,99740.0,3651.5
0,33900,DIVING_GEAR,99746.0,6.0,99745.0,13.0,,,99748.0,6.0,99749.0,13.0,,,99747.0,3339.5
0,34000,DIVING_GEAR,99755.0,22.0,,,,,99758.0,22.0,,,,,99756.5,2899.0
0,34100,DIVING_GEAR,99757.0,5.0,99756.0,12.0,,,99759.0,5.0,99760.0,12.0,,,99758.0,2824.5
0,34200,DIVING_GEAR,99760.0,22.0,,,,,99763.0,22.0,,,,,99761.5,2665.0
0,34300,DIVING_GEAR,99773.0,6.0,99772.0,11.0,,,99775.0,6.0,99776.0,11.0,,,99774.0,2101.0
0,34400,DIVING_GEAR,99771.0,22.0,,,,,99774.0,22.0,,,,,99772.5,2158.0
0,34500,DIVING_GEAR,99768.0,9.0,99767.0,12.0,,,99770.0,9.0,99771.0,12.0,,,99769.0,2330.0
0,34600,DIVING_GEAR,99759.0,16.0,,,,,99762.0,16.0,,,,,99760.5,2721.5
0,34700,DIVING_GEAR,99759.0,26.0,,,,,99762.0,26.0,,,,,99760.5,2710.0
0,34800,DIVING_GEAR,99769.0,5.0,99768.0,18.0,,,99771.0,5.0,99772.0,18.0,,,99770.0,2282.5
0,34900,DIVING_GEAR,99775.0,8.0,99774.0,19.0,,,99777.0,8.0,99778.0,19.0,,,99776.0,2005.5
0,35000,DIVING_GEAR,99769.0,5.0,99768.0,17.0,,,99771.0,5.0,99772.0,17.0,,,99770.0,2278.5
0,35100,DIVING_GEAR,99763.0,16.0,,,,,99766.0,16.0,,,,,99764.5,2526.0
0,35200,DIVING_GEAR,99760.0,23.0,,,,,99763.0,23.0,,,,,99761.5,2672.5
0,35300,DIVING_GEAR,99762.0,18.0,,,,,99765.0,18.0,,,,,99763.5,2588.0
0,35400,DIVING_GEAR,99761.0,5.0,99760.0,17.0,,,99763.0,5.0,99764.0,17.0,,,99762.0,2648.0
0,35500,DIVING_GEAR,99762.0,27.0,,,,,99765.0,27.0,,,,,99763.5,2586.5
0,35600,DIVING_GEAR,99764.0,10.0,99763.0,11.0,,,99766.0,10.0,99767.0,11.0,,,99765.0,2500.0
0,35700,DIVING_GEAR,99762.0,18.0,,,,,99765.0,18.0,,,,,99763.5,2592.5
0,35800,DIVING_GEAR,99762.0,9.0,99761.0,19.0,,,99764.0,9.0,99765.0,19.0,,,99763.0,2605.5
0,35900,DIVING_GEAR,99763.0,27.0,,,,,99766.0,27.0,,,,,99764.5,2542.0
0,36000,DIVING_GEAR,99763.0,9.0,99762.0,17.0,,,99765.0,9.0,99766.0,17.0,,,99764.0,2568.5
0,36100,DIVING_GEAR,99766.0,8.0,99765.0,14.0,,,99768.0,8.0,99769.0,14.0,,,99767.0,2413.5
0,36200,DIVING_GEAR,99778.0,10.0,99777.0,17.0,,,99780.0,10.0,99781.0,17.0,,,99779.0,1838.0
0,36300,DIVING_GEAR,99781.0,21.0,,,,,99784.0,21.0,,,,,99782.5,1656.0
0,36400,DIVING_GEAR,99782.0,6.0,99781.0,15.0,,,99784.0,6.0,99785.0,15.0,,,99783.0,1639.0
0,36500,DIVING_GEAR,99771.0,10.0,99770.0,14.0,,,99773.0,10.0,99774.0,14.0,,,99772.0,2159.0
0,36600,DIVING_GEAR,99773.0,20.0,,,,,99776.0,20.0,,,,,99774.5,2040.0
0,36700,DIVING_GEAR,99761.0,23.0,,,,,99764.0,23.0,,,,,99762.5,2640.0
0,36800,DIVING_GEAR,99752.0,26.0,,,,,99755.0,26.0,,,,,99753.5,3074.0
0,36900,DIVING_GEAR,99758.0,8.0,99757.0,12.0,,,99760.0,8.0,99761.0,12.0,,,99759.0,2811.5
0,37000,DIVING_GEAR,99762.0,19.0,,,,,99765.0,19.0,,,,,99763.5,2594.5
0,37100,DIVING_GEAR,99761.0,21.0,,,,,99764.0,21.0,,,,,99762.5,2640.5
0,37200,DIVING_GEAR,99750.0,15.0,,,,,99753.0,15.0,,,,,99751.5,3196.0
0,37300,DIVING_GEAR,99748.0,17.0,,,,,99751.0,17.0,,,,,99749.5,3318.0
0,37400,DIVING_GEAR,99744.0,7.0,99743.0,14.0,,,99746.0,7.0,99747.0,14.0,,,99745.0,3540.0
0,37500,DIVING_GEAR,99748.0,7.0,99747.0,12.0,,,99750.0,7.0,99751.0,12.0,,,99749.0,3327.5
0,37600,DIVING_GEAR,99762.0,5.0,99761.0,19.0,,,99764.0,5.0,99765.0,19.0,,,99763.0,2576.0
0,37700,DIVING_GEAR,99763.0,29.0,,,,,99766.0,29.0,,,,,99764.5,2504.0
0,37800,DIVING_GEAR,99758.0,25.0,,,,,99761.0,25.0,,,,,99759.5,2774.0
0,37900,DIVING_GEAR,99751.0,16.0,,,,,99754.0,16.0,,,,,99752.5,3186.5
0,38000,DIVING_GEAR,99751.0,8.0,99750.0,15.0,,,99753.0,8.0,99754.0,15.0,,,99752.0,3206.5
0,38100,DIVING_GEAR,99750.0,9.0,99749.0,20.0,,,99752.0,9.0,99753.0,20.0,,,99751.0,3269.0
0,38200,DIVING_GEAR,99742.0,26.0,,,,,99745.0,26.0,,,,,99743.5,3675.0
0,38300,DIVING_GEAR,99743.0,26.0,,,,,99746.0,26.0,,,,,99744.5,3634.5
0,38400,DIVING_GEAR,99736.0,7.0,99735.0,10.0,,,99738.0,7.0,99739.0,10.0,,,99737.0,4049.0
0,38500,DIVING_GEAR,99743.0,8.0,99742.0,17.0,,,99745.0,8.0,99746.0,17.0,,,99744.0,3651.0
0,38600,DIVING_GEAR,99749.0,22.0,,,,,99752.0,22.0,,,,,99750.5,3271.0
0,38700,DIVING_GEAR,99756.0,29.0,,,,,99759.0,29.0,,,,,99757.5,2883.0
0,38800,DIVING_GEAR,99753.0,23.0,,,,,99756.0,23.0,,,,,99754.5,3053.0
0,38900,DIVING_GEAR,99756.0,27.0,,,,,99759.0,27.0,,,,,99757.5,2869.5
0,39000,DIVING_GEAR,99756.0,9.0,99755.0,10.0,,,99758.0,9.0,99759.0,10.0,,,99757.0,2917.0
0,39100,DIVING_GEAR,99753.0,26.0,,,,,99756.0,26.0,,,,,99754.5,3057.0
0,39200,DIVING_GEAR,99751.0,27.0,,,,,99754.0,27.0,,,,,99752.5,3179.0
0,39300,DIVING_GEAR,99743.0,9.0,99742.0,13.0,,,99745.0,9.0,99746.0,13.0,,,99744.0,3645.0
0,39400,DIVING_GEAR,99734.0,9.0,99733.0,16.0,,,99736.0,9.0,99737.0,16.0,,,99735.0,4162.0
0,39500,DIVING_GEAR,99739.0,6.0,99738.0,11.0,,,99741.0,6.0,99742.0,11.0,,,99740.0,3878.5
0,39600,DIVING_GEAR,99738.0,10.0,99737.0,11.0,,,99740.0,10.0,99741.0,11.0,,,99739.0,3947.0
0,39700,DIVING_GEAR,99739.0,5.0,99738.0,10.0,,,99741.0,5.0,99742.0,10.0,,,99740.0,3869.5
0,39800,DIVING_GEAR,99745.0,18.0,,,,,99748.0,18.0,,,,,99746.5,3493.0
0,39900,DIVING_GEAR,99734.0,28.0,,,,,99737.0,28.0,,,,,99735.5,4146.5
0,40000,DIVING_GEAR,99729.0,22.0,,,,,99732.0,22.0,,,,,99730.5,4442.5
0,40100,DIVING_GEAR,99730.0,24.0,,,,,99733.0,24.0,,,,,99731.5,4377.5
0,40200,DIVING_GEAR,99733.0,7.0,99732.0,14.0,,,99735.0,7.0,99736.0,14.0,,,99734.0,4229.5
0,40300,DIVING_GEAR,99731.0,7.0,99730.0,16.0,,,99733.0,7.0,99734.0,16.0,,,99732.0,4372.5
0,40400,DIVING_GEAR,99737.0,8.0,99736.0,15.0,,,99739.0,8.0,99740.0,15.0,,,99738.0,3985.0
0,40500,DIVING_GEAR,99738.0,23.0,,,,,99741.0,23.0,,,,,99739.5,3906.0
0,40600,DIVING_GEAR,99731.0,9.0,99730.0,19.0,,,99733.0,9.0,99734.0,19.0,,,99732.0,4364.0
0,40700,DIVING_GEAR,99725.0,10.0,99724.0,19.0,,,99727.0,9.0,99728.0,19.0,,,99726.0,4716.0
0,40800,DIVING_GEAR,99730.0,8.0,99729.0,15.0,,,99732.0,10.0,99733.0,15.0,,,99731.0,4406.0
0,40900,DIVING_GEAR,99733.0,10.0,99732.0,13.0,,,99735.0,10.0,99736.0,13.0,,,99734.0,4223.0
0,41000,DIVING_GEAR,99721.0,8.0,99720.0,18.0,,,99723.0,8.0,99724.0,18.0,,,99722.0,4975.0
0,41100,DIVING_GEAR,99729.0,28.0,,,,,99732.0,28.0,,,,,99730.5,4442.0
0,41200,DIVING_GEAR,99733.0,22.0,,,,,99736.0,22.0,,,,,99734.5,4206.0
0,41300,DIVING_GEAR,99741.0,21.0,,,,,99744.0,21.0,,,,,99742.5,3674.5
0,41400,DIVING_GEAR,99739.0,22.0,,,,,99742.0,22.0,,,,,99740.5,3831.0
0,41500,DIVING_GEAR,99737.0,21.0,,,,,99740.0,21.0,,,,,99738.5,3950.5
0,41600,DIVING_GEAR,99730.0,21.0,,,,,99733.0,21.0,,,,,99731.5,4403.5
0,41700,DIVING_GEAR,99746.0,25.0,,,,,99749.0,25.0,,,,,99747.5,3384.0
0,41800,DIVING_GEAR,99745.0,6.0,99744.0,15.0,,,99747.0,6.0,99748.0,15.0,,,99746.0,3455.0
0,41900,DIVING_GEAR,99755.0,7.0,99754.0,14.0,,,99757.0,7.0,99758.0,14.0,,,99756.0,2817.5
0,42000,DIVING_GEAR,99751.0,6.0,99750.0,12.0,,,99753.0,6.0,99754.0,12.0,,,99752.0,3078.0
0,42100,DIVING_GEAR,99752.0,8.0,99751.0,14.0,,,99754.0,8.0,99755.0,14.0,,,99753.0,3013.0
0,42200,DIVING_GEAR,99741.0,20.0,,,,,99744.0,20.0,,,,,99742.5,3685.5
0,42300,DIVING_GEAR,99739.0,10.0,99738.0,19.0,,,99741.0,10.0,99742.0,19.0,,,99740.0,3840.0
0,42400,DIVING_GEAR,99745.0,20.0,,,,,99748.0,20.0,,,,,99746.5,3445.0
0,42500,DIVING_GEAR,99737.0,16.0,,,,,99740.0,16.0,,,,,99738.5,3949.0
0,42600,DIVING_GEAR,99744.0,7.0,99743.0,12.0,,,99746.0,7.0,99747.0,12.0,,,99745.0,3518.0
0,42700,DIVING_GEAR,99746.0,16.0,,,,,99749.0,16.0,,,,,99747.5,3383.0
0,42800,DIVING_GEAR,99739.0,23.0,,,,,99742.0,23.0,,,,,99740.5,3803.5
0,42900,DIVING_GEAR,99736.0,29.0,,,,,99739.0,29.0,,,,,99737.5,4005.5
0,43000,DIVING_GEAR,99733.0,24.0,,,,,99736.0,24.0,,,,,99734.5,4191.0
0,43100,DIVING_GEAR,99733.0,18.0,,,,,99736.0,18.0,,,,,99734.5,4211.0
0,43200,DIVING_GEAR,99730.0,8.0,99729.0,13.0,,,99732.0,8.0,99733.0,13.0,,,99731.0,4427.5
0,43300,DIVING_GEAR,99725.0,9.0,99724.0,17.0,,,99727.0,9.0,99728.0,17.0,,,99726.0,4760.5
0,43400,DIVING_GEAR,99723.0,9.0,99722.0,10.0,,,99725.0,9.0,99726.0,10.0,,,99724.0,4883.5
0,43500,DIVING_GEAR,99716.0,23.0,,,,,99719.0,23.0,,,,,99717.5,5297.0
0,43600,DIVING_GEAR,99708.0,19.0,,,,,99711.0,19.0,,,,,99709.5,5816.0
0,43700,DIVING_GEAR,99708.0,7.0,99707.0,13.0,,,99710.0,7.0,99711.0,13.0,,,99709.0,5835.5
0,43800,DIVING_GEAR,99713.0,23.0,,,,,99716.0,23.0,,,,,99714.5,5481.5
0,43900,DIVING_GEAR,99704.0,5.0,99703.0,14.0,,,99706.0,5.0,99707.0,14.0,,,99705.0,6096.5
0,44000,DIVING_GEAR,99704.0,6.0,99703.0,15.0,,,99706.0,6.0,99707.0,15.0,,,99705.0,6095.5
0,44100,DIVING_GEAR,99700.0,9.0,99699.0,20.0,,,99702.0,9.0,99703.0,20.0,,,99701.0,6357.5
0,44200,DIVING_GEAR,99693.0,19.0,,,,,99696.0,19.0,,,,,99694.5,6751.0
0,44300,DIVING_GEAR,99699.0,8.0,99698.0,10.0,,,99701.0,8.0,99702.0,10.0,,,99700.0,6408.5
0,44400,DIVING_GEAR,99696.0,9.0,99695.0,19.0,,,99698.0,9.0,99699.0,19.0,,,99697.0,6617.0
0,44500,DIVING_GEAR,99705.0,9.0,99704.0,11.0,,,99707.0,9.0,99708.0,11.0,,,99706.0,6015.5
0,44600,DIVING_GEAR,99700.0,18.0,,,,,99703.0,18.0,,,,,99701.5,6329.5
0,44700,DIVING_GEAR,99702.0,27.0,,,,,99705.0,27.0,,,,,99703.5,6174.5
0,44800,DIVING_GEAR,99701.0,8.0,99700.0,16.0,,,99703.0,8.0,99704.0,16.0,,,99702.0,6266.5
0,44900,DIVING_GEAR,99696.0,19.0,,,,,99699.0,19.0,,,,,99697.5,6570.0
0,45000,DIVING_GEAR,99700.0,6.0,99699.0,18.0,,,99702.0,6.0,99703.0,18.0,,,99701.0,6334.5
0,45100,DIVING_GEAR,99699.0,8.0,99698.0,20.0,,,99701.0,8.0,99702.0,20.0,,,99700.0,6397.0
0,45200,DIVING_GEAR,99703.0,9.0,99702.0,19.0,,,99705.0,9.0,99706.0,19.0,,,99704.0,6155.5
0,45300,DIVING_GEAR,99702.0,18.0,,,,,99705.0,18.0,,,,,99703.5,6175.0
0,45400,DIVING_GEAR,99696.0,5.0,99695.0,20.0,,,99698.0,5.0,99699.0,20.0,,,99697.0,6612.0
0,45500,DIVING_GEAR,99695.0,8.0,99694.0,15.0,,,99697.0,8.0,99698.0,15.0,,,99696.0,6653.5
0,45600,DIVING_GEAR,99695.0,23.0,,,,,99698.0,23.0,,,,,99696.5,6633.0
0,45700,DIVING_GEAR,99703.0,3.0,99701.0,29.0,,,99704.0,29.0,,,,,99703.5,6248.5
0,45800,DIVING_GEAR,99696.0,8.0,99695.0,11.0,,,99698.0,8.0,99699.0,11.0,,,99697.0,6613.0
0,45900,DIVING_GEAR,99695.0,22.0,,,,,99698.0,22.0,,,,,99696.5,6628.5
0,46000,DIVING_GEAR,99685.0,10.0,99684.0,18.0,,,99687.0,28.0,,,,,99686.0,7342.5
0,46100,DIVING_GEAR,99689.0,9.0,99688.0,13.0,,,99691.0,9.0,99692.0,13.0,,,99690.0,7073.0
0,46200,DIVING_GEAR,99682.0,5.0,99681.0,16.0,,,99684.0,5.0,99685.0,16.0,,,99683.0,7522.0
0,46300,DIVING_GEAR,99670.0,28.0,,,,,99673.0,28.0,,,,,99671.5,8271.0
0,46400,DIVING_GEAR,99670.0,23.0,,,,,99673.0,23.0,,,,,99671.5,8296.0
0,46500,DIVING_GEAR,99677.0,6.0,99676.0,12.0,,,99679.0,6.0,99680.0,12.0,,,99678.0,7838.5
0,46600,DIVING_GEAR,99667.0,22.0,,,,,99670.0,22.0,,,,,99668.5,8470.5
0,46700,DIVING_GEAR,99661.0,9.0,99660.0,16.0,,,99663.0,9.0,99664.0,16.0,,,99662.0,8922.0
0,46800,DIVING_GEAR,99656.0,6.0,99655.0,20.0,,,99658.0,6.0,99659.0,20.0,,,99657.0,9230.5
0,46900,DIVING_GEAR,99649.0,8.0,99648.0,16.0,,,99651.0,8.0,99652.0,16.0,,,99650.0,9699.0
0,47000,DIVING_GEAR,99651.0,28.0,,,,,99654.0,28.0,,,,,99652.5,9542.5
0,47100,DIVING_GEAR,99646.0,26.0,,,,,99649.0,26.0,,,,,99647.5,9877.5
0,47200,DIVING_GEAR,99642.0,6.0,99641.0,19.0,,,99644.0,6.0,99645.0,19.0,,,99643.0,10177.0
0,47300,DIVING_GEAR,99645.0,19.0,,,,,99648.0,19.0,,,,,99646.5,9936.0
0,47400,DIVING_GEAR,99640.0,20.0,,,,,99643.0,20.0,,,,,99641.5,10249.5
0,47500,DIVING_GEAR,99643.0,28.0,,,,,99646.0,28.0,,,,,99644.5,10070.5
0,47600,DIVING_GEAR,99637.0,24.0,,,,,99640.0,24.0,,,,,99638.5,10474.0
0,47700,DIVING_GEAR,99629.0,23.0,,,,,99632.0,23.0,,,,,99630.5,10976.0
0,47800,DIVING_GEAR,99618.0,6.0,99617.0,11.0,,,99620.0,6.0,99621.0,11.0,,,99619.0,11737.0
0,47900,DIVING_GEAR,99630.0,9.0,99629.0,11.0,,,99632.0,9.0,99633.0,11.0,,,99631.0,10967.0
0,48000,DIVING_GEAR,99628.0,5.0,99627.0,18.0,,,99630.0,5.0,99631.0,18.0,,,99629.0,11100.0
0,48100,DIVING_GEAR,99629.0,20.0,,,,,99632.0,20.0,,,,,99630.5,10994.5
0,48200,DIVING_GEAR,99629.0,7.0,99628.0,17.0,,,99631.0,7.0,99632.0,17.0,,,99630.0,11008.5
0,48300,DIVING_GEAR,99630.0,9.0,99629.0,15.0,,,99632.0,9.0,99633.0,15.0,,,99631.0,10941.0
0,48400,DIVING_GEAR,99630.0,15.0,,,,,99633.0,15.0,,,,,99631.5,10920.0
0,48500,DIVING_GEAR,99642.0,26.0,,,,,99645.0,26.0,,,,,99643.5,10106.5
0,48600,DIVING_GEAR,99636.0,9.0,99635.0,12.0,,,99638.0,9.0,99639.0,12.0,,,99637.0,10550.5
0,48700,DIVING_GEAR,99626.0,7.0,99625.0,11.0,,,99628.0,7.0,99629.0,11.0,,,99627.0,11215.5
0,48800,DIVING_GEAR,99619.0,18.0,,,,,99622.0,18.0,,,,,99620.5,11648.0
0,48900,DIVING_GEAR,99611.0,23.0,,,,,99614.0,23.0,,,,,99612.5,12218.0
0,49000,DIVING_GEAR,99616.0,7.0,99615.0,11.0,,,99618.0,7.0,99619.0,11.0,,,99617.0,11900.0
0,49100,DIVING_GEAR,99621.0,9.0,99620.0,15.0,,,99623.0,9.0,99624.0,15.0,,,99622.0,11550.5
0,49200,DIVING_GEAR,99615.0,9.0,99614.0,16.0,,,99617.0,9.0,99618.0,16.0,,,99616.0,11961.5
0,49300,DIVING_GEAR,99606.0,22.0,,,,,99609.0,22.0,,,,,99607.5,12577.5
0,49400,DIVING_GEAR,99604.0,10.0,99603.0,13.0,,,99606.0,10.0,99607.0,13.0,,,99605.0,12736.5
0,49500,DIVING_GEAR,99613.0,8.0,99612.0,10.0,,,99615.0,8.0,99616.0,10.0,,,99614.0,12117.5
0,49600,DIVING_GEAR,99595.0,6.0,99594.0,20.0,,,99597.0,6.0,99598.0,20.0,,,99596.0,13374.0
0,49700,DIVING_GEAR,99598.0,24.0,,,,,99601.0,24.0,,,,,99599.5,13140.0
0,49800,DIVING_GEAR,99591.0,27.0,,,,,99594.0,27.0,,,,,99592.5,13620.0
0,49900,DIVING_GEAR,99598.0,7.0,99597.0,13.0,,,99600.0,7.0,99601.0,13.0,,,99599.0,13157.0
0,50000,DIVING_GEAR,99591.0,17.0,,,,,99594.0,17.0,,,,,99592.5,13637.5
0,50100,DIVING_GEAR,99589.0,24.0,,,,,99592.0,24.0,,,,,99590.5,13765.5
0,50200,DIVING_GEAR,99580.0,10.0,99579.0,10.0,,,99582.0,10.0,99583.0,10.0,,,99581.0,14437.0
0,50300,DIVING_GEAR,99574.0,5.0,99573.0,12.0,,,99576.0,5.0,99577.0,12.0,,,99575.0,14873.0
0,50400,DIVING_GEAR,99583.0,7.0,99582.0,16.0,,,99585.0,7.0,99586.0,16.0,,,99584.0,14256.0
0,50500,DIVING_GEAR,99588.0,7.0,99587.0,19.0,,,99590.0,7.0,99591.0,19.0,,,99589.0,13891.0
0,50600,DIVING_GEAR,99585.0,20.0,,,,,99588.0,20.0,,,,,99586.5,14071.0
0,50700,DIVING_GEAR,99580.0,8.0,99579.0,15.0,,,99582.0,8.0,99583.0,15.0,,,99581.0,14459.0
0,50800,DIVING_GEAR,99568.0,9.0,99567.0,16.0,,,99570.0,9.0,99571.0,16.0,,,99569.0,15303.0
0,50900,DIVING_GEAR,99565.0,30.0,,,,,99568.0,30.0,,,,,99566.5,15478.5
0,51000,DIVING_GEAR,99565.0,25.0,,,,,99568.0,25.0,,,,,99566.5,15493.0
0,51100,DIVING_GEAR,99565.0,6.0,99564.0,18.0,,,99567.0,6.0,99568.0,18.0,,,99566.0,15531.5
0,51200,DIVING_GEAR,99564.0,6.0,99563.0,17.0,,,99566.0,6.0,99567.0,17.0,,,99565.0,15573.5
0,51300,DIVING_GEAR,99557.0,6.0,99556.0,19.0,,,99559.0,6.0,99560.0,19.0,,,99558.0,16074.0
0,51400,DIVING_GEAR,99556.0,23.0,,,,,99559.0,23.0,,,,,99557.5,16104.0
0,51500,DIVING_GEAR,99556.0,19.0,,,,,99559.0,19.0,,,,,99557.5,16121.5
0,51600,DIVING_GEAR,99564.0,25.0,,,,,99567.0,25.0,,,,,99565.5,15547.5
0,51700,DIVING_GEAR,99576.0,25.0,,,,,99579.0,25.0,,,,,99577.5,14716.5
0,51800,DIVING_GEAR,99575.0,22.0,,,,,99578.0,22.0,,,,,99576.5,14778.0
0,51900,DIVING_GEAR,99570.0,19.0,,,,,99573.0,19.0,,,,,99571.5,15120.5
0,52000,DIVING_GEAR,99570.0,7.0,99569.0,20.0,,,99572.0,7.0,99573.0,20.0,,,99571.0,15150.0
0,52100,DIVING_GEAR,99566.0,24.0,,,,,99569.0,24.0,,,,,99567.5,15421.0
0,52200,DIVING_GEAR,99561.0,17.0,,,,,99564.0,17.0,,,,,99562.5,15752.0
0,52300,DIVING_GEAR,99561.0,21.0,,,,,99564.0,21.0,,,,,99562.5,15779.0
0,52400,DIVING_GEAR,99555.0,10.0,99554.0,11.0,,,99557.0,10.0,99558.0,11.0,,,99556.0,16244.0
0,52500,DIVING_GEAR,99558.0,25.0,,,,,99561.0,25.0,,,,,99559.5,15974.5
0,52600,DIVING_GEAR,99558.0,9.0,99557.0,18.0,,,99560.0,9.0,99561.0,18.0,,,99559.0,16022.0
0,52700,DIVING_GEAR,99559.0,17.0,,,,,99562.0,17.0,,,,,99560.5,15911.0
0,52800,DIVING_GEAR,99558.0,21.0,,,,,99561.0,21.0,,,,,99559.5,15993.0
0,52900,DIVING_GEAR,99553.0,20.0,,,,,99556.0,20.0,,,,,99554.5,16317.5
0,53000,DIVING_GEAR,99548.0,10.0,99547.0,18.0,,,99550.0,10.0,99551.0,18.0,,,99549.0,16740.0
0,53100,DIVING_GEAR,99546.0,20.0,,,,,99549.0,20.0,,,,,99547.5,16846.0
0,53200,DIVING_GEAR,99543.0,10.0,99542.0,16.0,,,99545.0,10.0,99546.0,16.0,,,99544.0,17091.0
0,53300,DIVING_GEAR,99544.0,17.0,,,,,99547.0,17.0,,,,,99545.5,16987.5
0,53400,DIVING_GEAR,99544.0,28.0,,,,,99546.0,10.0,99547.0,18.0,,,99545.0,16990.0
0,53500,DIVING_GEAR,99535.0,23.0,,,,,99538.0,23.0,,,,,99536.5,17597.0
0,53600,DIVING_GEAR,99536.0,6.0,99535.0,13.0,,,99538.0,6.0,99539.0,13.0,,,99537.0,17567.5
0,53700,DIVING_GEAR,99527.0,29.0,,,,,99530.0,29.0,,,,,99528.5,18166.0
0,53800,DIVING_GEAR,99524.0,9.0,99523.0,11.0,,,99526.0,9.0,99527.0,11.0,,,99525.0,18443.5
0,53900,DIVING_GEAR,99522.0,6.0,99521.0,17.0,,,99524.0,6.0,99525.0,17.0,,,99523.0,18577.0
0,54000,DIVING_GEAR,99509.0,10.0,99508.0,14.0,,,99511.0,10.0,99512.0,14.0,,,99510.0,19514.5
0,54100,DIVING_GEAR,99509.0,16.0,,,,,99512.0,16.0,,,,,99510.5,19473.5
0,54200,DIVING_GEAR,99510.0,17.0,,,,,99513.0,17.0,,,,,99511.5,19406.0
0,54300,DIVING_GEAR,99509.0,20.0,,,,,99512.0,20.0,,,,,99510.5,19478.0
0,54400,DIVING_GEAR,99507.0,7.0,99506.0,15.0,,,99509.0,7.0,99510.0,15.0,,,99508.0,19670.5
0,54500,DIVING_GEAR,99504.0,20.0,,,,,99507.0,20.0,,,,,99505.5,19839.0
0,54600,DIVING_GEAR,99498.0,17.0,,,,,99501.0,17.0,,,,,99499.5,20280.5
0,54700,DIVING_GEAR,99496.0,25.0,,,,,99499.0,25.0,,,,,99497.5,20404.0
0,54800,DIVING_GEAR,99493.0,5.0,99492.0,13.0,,,99495.0,5.0,99496.0,13.0,,,99494.0,20664.5
0,54900,DIVING_GEAR,99493.0,20.0,,,,,99496.0,20.0,,,,,99494.5,20622.0
0,55000,DIVING_GEAR,99486.0,8.0,99485.0,13.0,,,99488.0,8.0,99489.0,13.0,,,99487.0,21188.5
0,55100,DIVING_GEAR,99487.0,23.0,,,,,99490.0,23.0,,,,,99488.5,21078.5
0,55200,DIVING_GEAR,99488.0,21.0,,,,,99491.0,21.0,,,,,99489.5,21012.0
0,55300,DIVING_GEAR,99487.0,25.0,,,,,99490.0,25.0,,,,,99488.5,21079.0
0,55400,DIVING_GEAR,99485.0,8.0,99484.0,19.0,,,99487.0,8.0,99488.0,19.0,,,99486.0,21286.5
0,55500,DIVING_GEAR,99488.0,24.0,,,,,99491.0,24.0,,,,,99489.5,21027.5
0,55600,DIVING_GEAR,99478.0,7.0,99477.0,16.0,,,99480.0,7.0,99481.0,16.0,,,99479.0,21810.0
0,55700,DIVING_GEAR,99480.0,26.0,,,,,99483.0,26.0,,,,,99481.5,21594.5
0,55800,DIVING_GEAR,99482.0,22.0,,,,,99484.0,6.0,99485.0,16.0,,,99483.0,21481.0
0,55900,DIVING_GEAR,99484.0,6.0,99483.0,13.0,,,99486.0,6.0,99487.0,13.0,,,99485.0,21348.0
0,56000,DIVING_GEAR,99486.0,21.0,,,,,99489.0,21.0,,,,,99487.5,21168.5
0,56100,DIVING_GEAR,99482.0,24.0,,,,,99485.0,24.0,,,,,99483.5,21476.0
0,56200,DIVING_GEAR,99480.0,22.0,,,,,99483.0,22.0,,,,,99481.5,21599.0
0,56300,DIVING_GEAR,99484.0,25.0,,,,,99487.0,25.0,,,,,99485.5,21300.5
0,56400,DIVING_GEAR,99487.0,27.0,,,,,99490.0,27.0,,,,,99488.5,21098.0
0,56500,DIVING_GEAR,99488.0,25.0,,,,,99491.0,25.0,,,,,99489.5,21001.5
0,56600,DIVING_GEAR,99479.0,8.0,99478.0,16.0,,,99481.0,8.0,99482.0,16.0,,,99480.0,21714.0
0,56700,DIVING_GEAR,99482.0,20.0,,,,,99485.0,21.0,,,,,99483.5,21460.5
0,56800,DIVING_GEAR,99490.0,9.0,99489.0,14.0,,,99492.0,9.0,99493.0,14.0,,,99491.0,20904.0
0,56900,DIVING_GEAR,99496.0,7.0,99495.0,14.0,,,99498.0,7.0,99499.0,14.0,,,99497.0,20424.0
0,57000,DIVING_GEAR,99497.0,21.0,,,,,99500.0,21.0,,,,,99498.5,20313.0
0,57100,DIVING_GEAR,99488.0,8.0,99487.0,18.0,,,99490.0,8.0,99491.0,18.0,,,99489.0,21055.5
0,57200,DIVING_GEAR,99493.0,17.0,,,,,99496.0,17.0,,,,,99494.5,20607.5
0,57300,DIVING_GEAR,99493.0,5.0,99492.0,11.0,,,99495.0,5.0,99496.0,11.0,,,99494.0,20678.0
0,57400,DIVING_GEAR,99477.0,8.0,99476.0,14.0,,,99479.0,8.0,99480.0,14.0,,,99478.0,21885.0
0,57500,DIVING_GEAR,99479.0,18.0,,,,,99482.0,18.0,,,,,99480.5,21706.0
0,57600,DIVING_GEAR,99470.0,9.0,99469.0,16.0,,,99472.0,9.0,99473.0,16.0,,,99471.0,22417.0
0,57700,DIVING_GEAR,99462.0,5.0,99461.0,15.0,,,99464.0,5.0,99465.0,15.0,,,99463.0,23035.0
0,57800,DIVING_GEAR,99458.0,5.0,99457.0,12.0,,,99460.0,5.0,99461.0,12.0,,,99459.0,23338.0
0,57900,DIVING_GEAR,99466.0,10.0,99465.0,10.0,,,99468.0,20.0,,,,,99467.0,22733.0
0,58000,DIVING_GEAR,99463.0,24.0,,,,,99466.0,24.0,,,,,99464.5,22910.0
0,58100,DIVING_GEAR,99465.0,7.0,99464.0,19.0,,,99467.0,7.0,99468.0,19.0,,,99466.0,22775.5
0,58200,DIVING_GEAR,99476.0,5.0,99475.0,15.0,,,99478.0,5.0,99479.0,15.0,,,99477.0,21921.5
0,58300,DIVING_GEAR,99486.0,9.0,99485.0,15.0,,,99488.0,9.0,99489.0,15.0,,,99487.0,21143.0
0,58400,DIVING_GEAR,99485.0,30.0,,,,,99488.0,30.0,,,,,99486.5,21194.0
0,58500,DIVING_GEAR,99484.0,8.0,99483.0,17.0,,,99486.0,8.0,99487.0,17.0,,,99485.0,21313.0
0,58600,DIVING_GEAR,99476.0,10.0,99475.0,18.0,,,99478.0,10.0,99479.0,18.0,,,99477.0,21930.5
0,58700,DIVING_GEAR,99471.0,24.0,,,,,99474.0,24.0,,,,,99472.5,22270.5
0,58800,DIVING_GEAR,99474.0,15.0,,,,,99476.0,5.0,99477.0,10.0,,,99475.0,22063.0
0,58900,DIVING_GEAR,99476.0,25.0,,,,,99479.0,25.0,,,,,99477.5,21870.0
0,59000,DIVING_GEAR,99477.0,21.0,,,,,99480.0,21.0,,,,,99478.5,21817.0
0,59100,DIVING_GEAR,99483.0,15.0,,,,,99486.0,15.0,,,,,99484.5,21331.0
0,59200,DIVING_GEAR,99479.0,6.0,99478.0,17.0,,,99481.0,6.0,99482.0,17.0,,,99480.0,21709.5
0,59300,DIVING_GEAR,99478.0,30.0,,,,,99481.0,30.0,,,,,99479.5,21737.5
0,59400,DIVING_GEAR,99483.0,10.0,99482.0,11.0,,,99485.0,10.0,99486.0,11.0,,,99484.0,21380.5
0,59500,DIVING_GEAR,99486.0,25.0,,,,,99489.0,25.0,,,,,99487.5,21096.0
0,59600,DIVING_GEAR,99493.0,18.0,,,,,99496.0,18.0,,,,,99494.5,20573.0
0,59700,DIVING_GEAR,99496.0,10.0,99495.0,15.0,,,99498.0,10.0,99499.0,15.0,,,99497.0,20379.5
0,59800,DIVING_GEAR,99494.0,7.0,99493.0,20.0,,,99496.0,7.0,99497.0,20.0,,,99495.0,20531.0
0,59900,DIVING_GEAR,99496.0,9.0,99495.0,11.0,,,99498.0,9.0,99499.0,11.0,,,99497.0,20355.0
0,60000,DIVING_GEAR,99490.0,9.0,99489.0,19.0,,,99492.0,9.0,99493.0,19.0,,,99491.0,20845.5
0,60100,DIVING_GEAR,99479.0,24.0,,,,,99482.0,24.0,,,,,99480.5,21647.5
0,60200,DIVING_GEAR,99483.0,5.0,99482.0,20.0,,,99485.0,5.0,99486.0,20.0,,,99484.0,21365.0
0,60300,DIVING_GEAR,99483.0,10.0,99482.0,19.0,,,99485.0,10.0,99486.0,19.0,,,99484.0,21392.0
0,60400,DIVING_GEAR,99485.0,6.0,99484.0,15.0,,,99487.0,6.0,99488.0,15.0,,,99486.0,21242.5
0,60500,DIVING_GEAR,99474.0,7.0,99473.0,13.0,,,99476.0,7.0,99477.0,13.0,,,99475.0,22073.0
0,60600,DIVING_GEAR,99472.0,10.0,99471.0,18.0,,,99474.0,10.0,99475.0,18.0,,,99473.0,22251.5
0,60700,DIVING_GEAR,99468.0,6.0,99467.0,11.0,,,99470.0,6.0,99471.0,11.0,,,99469.0,22545.5
0,60800,DIVING_GEAR,99462.0,25.0,,,,,99465.0,25.0,,,,,99463.5,22968.5
0,60900,DIVING_GEAR,99448.0,24.0,,,,,99451.0,24.0,,,,,99449.5,24071.0
0,61000,DIVING_GEAR,99446.0,23.0,,,,,99449.0,23.0,,,,,99447.5,24235.5
0,61100,DIVING_GEAR,99452.0,9.0,99451.0,11.0,,,99454.0,9.0,99455.0,11.0,,,99453.0,23797.5
0,61200,DIVING_GEAR,99454.0,22.0,,,,,99457.0,24.0,,,,,99455.5,23609.5
0,61300,DIVING_GEAR,99450.0,22.0,,,,,99453.0,22.0,,,,,99451.5,23911.0
0,61400,DIVING_GEAR,99452.0,3.0,99450.0,15.0,,,99453.0,15.0,,,,,99452.5,23919.5
0,61500,DIVING_GEAR,99455.0,20.0,,,,,99457.0,5.0,99458.0,15.0,,,99456.0,23540.5
0,61600,DIVING_GEAR,99438.0,5.0,99437.0,10.0,,,99440.0,5.0,99441.0,10.0,,,99439.0,24925.0
0,61700,DIVING_GEAR,99437.0,10.0,99436.0,12.0,,,99439.0,10.0,99440.0,12.0,,,99438.0,24987.0
0,61800,DIVING_GEAR,99440.0,26.0,,,,,99443.0,26.0,,,,,99441.5,24709.0
0,61900,DIVING_GEAR,99445.0,7.0,99444.0,13.0,,,99447.0,7.0,99448.0,13.0,,,99446.0,24359.5
0,62000,DIVING_GEAR,99455.0,25.0,,,,,99458.0,25.0,,,,,99456.5,23486.0
0,62100,DIVING_GEAR,99462.0,30.0,,,,,99465.0,30.0,,,,,99463.5,22904.0
0,62200,DIVING_GEAR,99464.0,28.0,,,,,99467.0,28.0,,,,,99465.5,22744.5
0,62300,DIVING_GEAR,99466.0,24.0,,,,,99469.0,24.0,,,,,99467.5,22589.5
0,62400,DIVING_GEAR,99471.0,25.0,,,,,99474.0,25.0,,,,,99472.5,22185.5
0,62500,DIVING_GEAR,99468.0,10.0,99467.0,20.0,,,99470.0,10.0,99471.0,20.0,,,99469.0,22466.0
0,62600,DIVING_GEAR,99467.0,17.0,,,,,99470.0,17.0,,,,,99468.5,22490.0
0,62700,DIVING_GEAR,99473.0,19.0,,,,,99476.0,19.0,,,,,99474.5,22008.0
0,62800,DIVING_GEAR,99485.0,18.0,,,,,99488.0,18.0,,,,,99486.5,20966.0
0,62900,DIVING_GEAR,99484.0,20.0,,,,,99487.0,20.0,,,,,99485.5,21052.0
0,63000,DIVING_GEAR,99484.0,27.0,,,,,99487.0,27.0,,,,,99485.5,21078.0
0,63100,DIVING_GEAR,99485.0,26.0,,,,,99488.0,26.0,,,,,99486.5,20973.0
0,63200,DIVING_GEAR,99494.0,10.0,99493.0,15.0,,,99496.0,10.0,99497.0,15.0,,,99495.0,20258.0
0,63300,DIVING_GEAR,99493.0,27.0,,,,,99496.0,27.0,,,,,99494.5,20275.0
0,63400,DIVING_GEAR,99503.0,9.0,99502.0,10.0,,,99505.0,9.0,99506.0,10.0,,,99504.0,19493.0
0,63500,DIVING_GEAR,99497.0,7.0,99496.0,12.0,,,99499.0,7.0,99500.0,12.0,,,99498.0,20009.0
0,63600,DIVING_GEAR,99495.0,23.0,,,,,99498.0,23.0,,,,,99496.5,20109.0
0,63700,DIVING_GEAR,99494.0,24.0,,,,,99497.0,24.0,,,,,99495.5,20215.0
0,63800,DIVING_GEAR,99499.0,24.0,,,,,99502.0,24.0,,,,,99500.5,19796.0
0,63900,DIVING_GEAR,99506.0,10.0,99505.0,13.0,,,99508.0,10.0,99509.0,13.0,,,99507.0,19240.0
0,64000,DIVING_GEAR,99496.0,26.0,,,,,99499.0,26.0,,,,,99497.5,20045.0
0,64100,DIVING_GEAR,99490.0,19.0,,,,,99493.0,19.0,,,,,99491.5,20534.0
0,64200,DIVING_GEAR,99493.0,5.0,99492.0,11.0,,,99495.0,5.0,99496.0,11.0,,,99494.0,20355.0
0,64300,DIVING_GEAR,99488.0,27.0,,,,,99491.0,27.0,,,,,99489.5,20706.0
0,64400,DIVING_GEAR,99479.0,6.0,99478.0,16.0,,,99481.0,6.0,99482.0,16.0,,,99480.0,21518.0
0,64500,DIVING_GEAR,99485.0,17.0,,,,,99488.0,17.0,,,,,99486.5,20965.0
0,64600,DIVING_GEAR,99488.0,24.0,,,,,99491.0,24.0,,,,,99489.5,20703.0
0,64700,DIVING_GEAR,99492.0,5.0,99491.0,11.0,,,99494.0,5.0,99495.0,11.0,,,99493.0,20441.0
0,64800,DIVING_GEAR,99489.0,8.0,99488.0,10.0,,,99491.0,8.0,99492.0,10.0,,,99490.0,20695.0
0,64900,DIVING_GEAR,99495.0,6.0,99494.0,15.0,,,99497.0,6.0,99498.0,15.0,,,99496.0,20148.0
0,65000,DIVING_GEAR,99493.0,26.0,,,,,99496.0,26.0,,,,,99494.5,20276.0
0,65100,DIVING_GEAR,99500.0,24.0,,,,,99503.0,24.0,,,,,99501.5,19693.0
0,65200,DIVING_GEAR,99495.0,8.0,99494.0,12.0,,,99497.0,8.0,99498.0,12.0,,,99496.0,20179.0
0,65300,DIVING_GEAR,99489.0,28.0,,,,,99492.0,28.0,,,,,99490.5,20635.0
0,65400,DIVING_GEAR,99491.0,5.0,99490.0,17.0,,,99493.0,5.0,99494.0,17.0,,,99492.0,20526.0
0,65500,DIVING_GEAR,99486.0,23.0,,,,,99489.0,23.0,,,,,99487.5,20901.0
0,65600,DIVING_GEAR,99490.0,26.0,,,,,99493.0,26.0,,,,,99491.5,20542.0
0,65700,DIVING_GEAR,99492.0,9.0,99491.0,12.0,,,99494.0,9.0,99495.0,12.0,,,99493.0,20404.0
0,65800,DIVING_GEAR,99486.0,15.0,,,,,99489.0,15.0,,,,,99487.5,20897.0
0,65900,DIVING_GEAR,99487.0,8.0,99486.0,11.0,,,99489.0,8.0,99490.0,11.0,,,99488.0,20859.0
0,66000,DIVING_GEAR,99484.0,28.0,,,,,99487.0,28.0,,,,,99485.5,21046.0
0,66100,DIVING_GEAR,99490.0,20.0,,,,,99493.0,20.0,,,,,99491.5,20559.0
0,66200,DIVING_GEAR,99486.0,29.0,,,,,99489.0,29.0,,,,,99487.5,20897.0
0,66300,DIVING_GEAR,99483.0,26.0,,,,,99486.0,26.0,,,,,99484.5,21132.0
0,66400,DIVING_GEAR,99491.0,10.0,99490.0,16.0,,,99493.0,10.0,99494.0,16.0,,,99492.0,20487.0
0,66500,DIVING_GEAR,99505.0,22.0,,,,,99508.0,22.0,,,,,99506.5,19295.0
0,66600,DIVING_GEAR,99518.0,5.0,99517.0,16.0,,,99520.0,5.0,99521.0,16.0,,,99519.0,18231.0
0,66700,DIVING_GEAR,99518.0,9.0,99517.0,10.0,,,99520.0,9.0,99521.0,10.0,,,99519.0,18197.0
0,66800,DIVING_GEAR,99519.0,17.0,,,,,99522.0,17.0,,,,,99520.5,18082.0
0,66900,DIVING_GEAR,99529.0,10.0,99528.0,19.0,,,99531.0,10.0,99532.0,19.0,,,99530.0,17265.0
0,67000,DIVING_GEAR,99528.0,15.0,,,,,99531.0,15.0,,,,,99529.5,17332.0
0,67100,DIVING_GEAR,99522.0,6.0,99521.0,12.0,,,99524.0,6.0,99525.0,12.0,,,99523.0,17853.0
0,67200,DIVING_GEAR,99523.0,5.0,99522.0,11.0,,,99525.0,5.0,99526.0,11.0,,,99524.0,17792.0
0,67300,DIVING_GEAR,99526.0,10.0,99525.0,17.0,,,99528.0,10.0,99529.0,17.0,,,99527.0,17552.0
0,67400,DIVING_GEAR,99520.0,23.0,,,,,99523.0,23.0,,,,,99521.5,17994.0
0,67500,DIVING_GEAR,99510.0,6.0,99509.0,20.0,,,99512.0,6.0,99513.0,20.0,,,99511.0,18872.0
0,67600,DIVING_GEAR,99501.0,7.0,99500.0,11.0,,,99503.0,7.0,99504.0,11.0,,,99502.0,19638.0
0,67700,DIVING_GEAR,99505.0,23.0,,,,,99508.0,23.0,,,,,99506.5,19284.0
0,67800,DIVING_GEAR,99500.0,20.0,,,,,99503.0,20.0,,,,,99501.5,19690.0
0,67900,DIVING_GEAR,99499.0,24.0,,,,,99502.0,24.0,,,,,99500.5,19765.0
0,68000,DIVING_GEAR,99501.0,10.0,99500.0,15.0,,,99503.0,10.0,99504.0,15.0,,,99502.0,19653.0
0,68100,DIVING_GEAR,99505.0,7.0,99504.0,14.0,,,99507.0,7.0,99508.0,14.0,,,99506.0,19324.0
0,68200,DIVING_GEAR,99503.0,8.0,99502.0,19.0,,,99505.0,8.0,99506.0,19.0,,,99504.0,19503.0
0,68300,DIVING_GEAR,99506.0,7.0,99505.0,20.0,,,99508.0,7.0,99509.0,20.0,,,99507.0,19238.0
0,68400,DIVING_GEAR,99500.0,17.0,,,,,99503.0,17.0,,,,,99501.5,19713.0
0,68500,DIVING_GEAR,99498.0,8.0,99497.0,11.0,,,99500.0,8.0,99501.0,11.0,,,99499.0,19906.0
0,68600,DIVING_GEAR,99491.0,24.0,,,,,99494.0,24.0,,,,,99492.5,20453.0
0,68700,DIVING_GEAR,99498.0,19.0,,,,,99501.0,19.0,,,,,99499.5,19850.0
0,68800,DIVING_GEAR,99498.0,21.0,,,,,99501.0,21.0,,,,,99499.5,19866.0
0,68900,DIVING_GEAR,99494.0,10.0,99493.0,15.0,,,99496.0,10.0,99497.0,15.0,,,99495.0,20260.0
0,69000,DIVING_GEAR,99491.0,27.0,,,,,99494.0,27.0,,,,,99492.5,20449.0
0,69100,DIVING_GEAR,99492.0,3.0,99490.0,20.0,,,99493.0,20.0,,,,,99492.5,20567.0
0,69200,DIVING_GEAR,99494.0,20.0,,,,,99497.0,20.0,,,,,99495.5,20195.0
0,69300,DIVING_GEAR,99484.0,17.0,,,,,99487.0,17.0,,,,,99485.5,21046.0
0,69400,DIVING_GEAR,99478.0,6.0,99477.0,19.0,,,99480.0,6.0,99481.0,19.0,,,99479.0,21599.0
0,69500,DIVING_GEAR,99476.0,10.0,99475.0,14.0,,,99478.0,10.0,99479.0,14.0,,,99477.0,21801.0
0,69600,DIVING_GEAR,99491.0,18.0,,,,,99494.0,18.0,,,,,99492.5,20436.0
0,69700,DIVING_GEAR,99497.0,28.0,,,,,99500.0,28.0,,,,,99498.5,19907.0
0,69800,DIVING_GEAR,99497.0,5.0,99496.0,15.0,,,99499.0,5.0,99500.0,15.0,,,99498.0,19969.0
0,69900,DIVING_GEAR,99501.0,28.0,,,,,99504.0,28.0,,,,,99502.5,19577.0
0,70000,DIVING_GEAR,99514.0,27.0,,,,,99517.0,27.0,,,,,99515.5,18409.0
0,70100,DIVING_GEAR,99513.0,10.0,99512.0,18.0,,,99515.0,10.0,99516.0,18.0,,,99514.0,18543.0
0,70200,DIVING_GEAR,99510.0,22.0,,,,,99513.0,22.0,,,,,99511.5,18753.0
0,70300,DIVING_GEAR,99518.0,6.0,99517.0,20.0,,,99520.0,6.0,99521.0,20.0,,,99519.0,18062.0
0,70400,DIVING_GEAR,99521.0,6.0,99520.0,17.0,,,99523.0,6.0,99524.0,17.0,,,99522.0,17781.0
0,70500,DIVING_GEAR,99525.0,20.0,,,,,99528.0,20.0,,,,,99526.5,17398.0
0,70600,DIVING_GEAR,99522.0,9.0,99521.0,11.0,,,99524.0,9.0,99525.0,11.0,,,99523.0,17689.0
0,70700,DIVING_GEAR,99534.0,9.0,99533.0,10.0,,,99536.0,9.0,99537.0,10.0,,,99535.0,16592.0
0,70800,DIVING_GEAR,99545.0,5.0,99544.0,15.0,,,99547.0,5.0,99548.0,15.0,,,99546.0,15617.0
0,70900,DIVING_GEAR,99548.0,19.0,,,,,99551.0,19.0,,,,,99549.5,15286.0
0,71000,DIVING_GEAR,99553.0,5.0,99552.0,20.0,,,99555.0,25.0,,,,,99554.0,14888.0
0,71100,DIVING_GEAR,99540.0,7.0,99539.0,12.0,,,99542.0,7.0,99543.0,12.0,,,99541.0,16071.0
0,71200,DIVING_GEAR,99544.0,5.0,99543.0,10.0,,,99546.0,5.0,99547.0,10.0,,,99545.0,15700.0
0,71300,DIVING_GEAR,99543.0,8.0,99542.0,12.0,,,99545.0,8.0,99546.0,12.0,,,99544.0,15814.0
0,71400,DIVING_GEAR,99545.0,28.0,,,,,99548.0,28.0,,,,,99546.5,15562.0
0,71500,DIVING_GEAR,99550.0,5.0,99549.0,18.0,,,99552.0,5.0,99553.0,18.0,,,99551.0,15164.0
0,71600,DIVING_GEAR,99547.0,20.0,,,,,99550.0,20.0,,,,,99548.5,15364.0
0,71700,DIVING_GEAR,99537.0,9.0,99536.0,17.0,,,99539.0,9.0,99540.0,17.0,,,99538.0,16351.0
0,71800,DIVING_GEAR,99539.0,19.0,,,,,99542.0,19.0,,,,,99540.5,16137.0
0,71900,DIVING_GEAR,99534.0,29.0,,,,,99537.0,29.0,,,,,99535.5,16570.0
0,72000,DIVING_GEAR,99532.0,18.0,,,,,99535.0,18.0,,,,,99533.5,16764.0
0,72100,DIVING_GEAR,99529.0,8.0,99528.0,11.0,,,99531.0,8.0,99532.0,11.0,,,99530.0,17117.0
0,72200,DIVING_GEAR,99526.0,22.0,,,,,99529.0,22.0,,,,,99527.5,17316.0
0,72300,DIVING_GEAR,99512.0,8.0,99511.0,19.0,,,99514.0,8.0,99515.0,19.0,,,99513.0,18664.0
0,72400,DIVING_GEAR,99520.0,5.0,99519.0,19.0,,,99522.0,5.0,99523.0,19.0,,,99521.0,17955.0
0,72500,DIVING_GEAR,99521.0,25.0,,,,,99524.0,25.0,,,,,99522.5,17808.0
0,72600,DIVING_GEAR,99528.0,27.0,,,,,99531.0,27.0,,,,,99529.5,17161.0
0,72700,DIVING_GEAR,99540.0,20.0,,,,,99543.0,20.0,,,,,99541.5,16007.0
0,72800,DIVING_GEAR,99541.0,6.0,99540.0,14.0,,,99543.0,6.0,99544.0,14.0,,,99542.0,15995.0
0,72900,DIVING_GEAR,99529.0,21.0,,,,,99532.0,21.0,,,,,99530.5,17047.0
0,73000,DIVING_GEAR,99524.0,5.0,99523.0,20.0,,,99526.0,5.0,99527.0,20.0,,,99525.0,17569.0
0,73100,DIVING_GEAR,99516.0,20.0,,,,,99519.0,20.0,,,,,99517.5,18273.0
0,73200,DIVING_GEAR,99513.0,9.0,99512.0,20.0,,,99515.0,9.0,99516.0,20.0,,,99514.0,18566.0
0,73300,DIVING_GEAR,99513.0,18.0,,,,,99516.0,18.0,,,,,99514.5,18521.0
0,73400,DIVING_GEAR,99501.0,7.0,99500.0,19.0,,,99503.0,7.0,99504.0,19.0,,,99502.0,19689.0
0,73500,DIVING_GEAR,99503.0,21.0,,,,,99506.0,21.0,,,,,99504.5,19483.0
0,73600,DIVING_GEAR,99494.0,10.0,99493.0,10.0,,,99496.0,10.0,99497.0,10.0,,,99495.0,20383.0
0,73700,DIVING_GEAR,99497.0,3.0,99495.0,25.0,,,99498.0,25.0,,,,,99497.5,20207.0
0,73800,DIVING_GEAR,99495.0,8.0,99494.0,20.0,,,99497.0,8.0,99498.0,20.0,,,99496.0,20273.0
0,73900,DIVING_GEAR,99493.0,6.0,99492.0,18.0,,,99495.0,6.0,99496.0,18.0,,,99494.0,20460.0
0,74000,DIVING_GEAR,99492.0,25.0,,,,,99495.0,25.0,,,,,99493.5,20505.0
0,74100,DIVING_GEAR,99489.0,9.0,99488.0,14.0,,,99491.0,8.0,99492.0,14.0,,,99490.0,20828.0
0,74200,DIVING_GEAR,99485.0,19.0,,,,,99488.0,19.0,,,,,99486.5,21197.0
0,74300,DIVING_GEAR,99474.0,22.0,,,,,99477.0,22.0,,,,,99475.5,22223.0
0,74400,DIVING_GEAR,99474.0,19.0,,,,,99477.0,19.0,,,,,99475.5,22244.0
0,74500,DIVING_GEAR,99486.0,8.0,99485.0,17.0,,,99488.0,8.0,99489.0,17.0,,,99487.0,21100.0
0,74600,DIVING_GEAR,99498.0,21.0,,,,,99501.0,21.0,,,,,99499.5,19872.0
0,74700,DIVING_GEAR,99507.0,6.0,99506.0,16.0,,,99509.0,6.0,99510.0,16.0,,,99508.0,19053.0
0,74800,DIVING_GEAR,99511.0,8.0,99510.0,15.0,,,99513.0,8.0,99514.0,15.0,,,99512.0,18615.0
0,74900,DIVING_GEAR,99507.0,6.0,99506.0,17.0,,,99509.0,6.0,99510.0,17.0,,,99508.0,19036.0
0,75000,DIVING_GEAR,99516.0,9.0,99515.0,12.0,,,99518.0,9.0,99519.0,12.0,,,99517.0,18142.0
0,75100,DIVING_GEAR,99515.0,20.0,,,,,99518.0,20.0,,,,,99516.5,18178.0
0,75200,DIVING_GEAR,99515.0,9.0,99514.0,20.0,,,99517.0,9.0,99518.0,20.0,,,99516.0,18221.0
0,75300,DIVING_GEAR,99513.0,22.0,,,,,99516.0,22.0,,,,,99514.5,18403.0
0,75400,DIVING_GEAR,99514.0,10.0,99513.0,19.0,,,99516.0,10.0,99517.0,19.0,,,99515.0,18347.0
0,75500,DIVING_GEAR,99511.0,6.0,99510.0,15.0,,,99513.0,6.0,99514.0,15.0,,,99512.0,18621.0
0,75600,DIVING_GEAR,99510.0,28.0,,,,,99513.0,28.0,,,,,99511.5,18675.0
0,75700,DIVING_GEAR,99504.0,8.0,99503.0,10.0,,,99506.0,8.0,99507.0,10.0,,,99505.0,19355.0
0,75800,DIVING_GEAR,99501.0,25.0,,,,,99504.0,25.0,,,,,99502.5,19592.0
0,75900,DIVING_GEAR,99516.0,6.0,99515.0,11.0,,,99518.0,6.0,99519.0,11.0,,,99517.0,18149.0
0,76000,DIVING_GEAR,99515.0,29.0,,,,,99518.0,29.0,,,,,99516.5,18194.0
0,76100,DIVING_GEAR,99514.0,7.0,99513.0,18.0,,,99516.0,7.0,99517.0,18.0,,,99515.0,18345.0
0,76200,DIVING_GEAR,99517.0,5.0,99516.0,17.0,,,99519.0,5.0,99520.0,17.0,,,99518.0,18009.0
0,76300,DIVING_GEAR,99521.0,26.0,,,,,99524.0,26.0,,,,,99522.5,17562.0
0,76400,DIVING_GEAR,99514.0,24.0,,,,,99517.0,24.0,,,,,99515.5,18268.0
0,76500,DIVING_GEAR,99513.0,16.0,,,,,99516.0,16.0,,,,,99514.5,18400.0
0,76600,DIVING_GEAR,99519.0,5.0,99518.0,16.0,,,99521.0,5.0,99522.0,16.0,,,99520.0,17819.0
0,76700,DIVING_GEAR,99520.0,24.0,,,,,99523.0,24.0,,,,,99521.5,17649.0
0,76800,DIVING_GEAR,99521.0,24.0,,,,,99524.0,24.0,,,,,99522.5,17573.0
0,76900,DIVING_GEAR,99531.0,7.0,99530.0,13.0,,,99533.0,7.0,99534.0,13.0,,,99532.0,16589.0
0,77000,DIVING_GEAR,99527.0,9.0,99526.0,10.0,,,99529.0,9.0,99530.0,10.0,,,99528.0,17020.0
0,77100,DIVING_GEAR,99527.0,27.0,,,,,99530.0,27.0,,,,,99528.5,16968.0
0,77200,DIVING_GEAR,99524.0,7.0,99523.0,20.0,,,99526.0,9.0,99527.0,20.0,,,99525.0,17296.0
0,77300,DIVING_GEAR,99533.0,23.0,,,,,99536.0,23.0,,,,,99534.5,16334.0
0,77400,DIVING_GEAR,99521.0,25.0,,,,,99524.0,25.0,,,,,99522.5,17596.0
0,77500,DIVING_GEAR,99517.0,6.0,99516.0,12.0,,,99519.0,6.0,99520.0,12.0,,,99518.0,18030.0
0,77600,DIVING_GEAR,99513.0,19.0,,,,,99516.0,19.0,,,,,99514.5,18372.0
0,77700,DIVING_GEAR,99518.0,5.0,99517.0,14.0,,,99520.0,5.0,99521.0,14.0,,,99519.0,17944.0
0,77800,DIVING_GEAR,99521.0,23.0,,,,,99524.0,23.0,,,,,99522.5,17553.0
0,77900,DIVING_GEAR,99530.0,19.0,,,,,99533.0,19.0,,,,,99531.5,16654.0
0,78000,DIVING_GEAR,99522.0,1.0,99520.0,27.0,,,99523.0,27.0,,,,,99522.5,17671.0
0,78100,DIVING_GEAR,99525.0,17.0,,,,,99527.0,5.0,99528.0,10.0,,,99526.0,17189.0
0,78200,DIVING_GEAR,99523.0,26.0,,,,,99526.0,26.0,,,,,99524.5,17382.0
0,78300,DIVING_GEAR,99519.0,9.0,99518.0,13.0,,,99521.0,9.0,99522.0,13.0,,,99520.0,17821.0
0,78400,DIVING_GEAR,99522.0,23.0,,,,,99525.0,23.0,,,,,99523.5,17467.0
0,78500,DIVING_GEAR,99517.0,7.0,99516.0,12.0,,,99519.0,7.0,99520.0,12.0,,,99518.0,18074.0
0,78600,DIVING_GEAR,99504.0,9.0,99503.0,19.0,,,99506.0,9.0,99507.0,19.0,,,99505.0,19441.0
0,78700,DIVING_GEAR,99501.0,19.0,,,,,99504.0,19.0,,,,,99502.5,19686.0
0,78800,DIVING_GEAR,99492.0,7.0,99491.0,11.0,,,99494.0,7.0,99495.0,11.0,,,99493.0,20672.0
0,78900,DIVING_GEAR,99488.0,9.0,99487.0,12.0,,,99490.0,9.0,99491.0,12.0,,,99489.0,21101.0
0,79000,DIVING_GEAR,99490.0,28.0,,,,,99493.0,28.0,,,,,99491.5,20857.0
0,79100,DIVING_GEAR,99492.0,17.0,,,,,99494.0,6.0,99495.0,11.0,,,99493.0,20653.0
0,79200,DIVING_GEAR,99502.0,10.0,99501.0,19.0,,,99504.0,10.0,99505.0,19.0,,,99503.0,19600.0
0,79300,DIVING_GEAR,99501.0,5.0,99500.0,12.0,,,99503.0,5.0,99504.0,12.0,,,99502.0,19733.0
0,79400,DIVING_GEAR,99491.0,25.0,,,,,99494.0,25.0,,,,,99492.5,20753.0
0,79500,DIVING_GEAR,99486.0,23.0,,,,,99489.0,23.0,,,,,99487.5,21256.0
0,79600,DIVING_GEAR,99481.0,6.0,99480.0,16.0,,,99483.0,6.0,99484.0,16.0,,,99482.0,21868.0
0,79700,DIVING_GEAR,99473.0,10.0,99472.0,20.0,,,99475.0,10.0,99476.0,20.0,,,99474.0,22677.0
0,79800,DIVING_GEAR,99476.0,8.0,99475.0,16.0,,,99478.0,8.0,99479.0,16.0,,,99477.0,22389.0
0,79900,DIVING_GEAR,99473.0,1.0,99472.0,7.0,99471.0,12.0,99474.0,7.0,99475.0,12.0,,,99473.5,22819.0
0,80000,DIVING_GEAR,99459.0,26.0,,,,,99462.0,26.0,,,,,99460.5,24133.0
0,80100,DIVING_GEAR,99464.0,7.0,99463.0,11.0,,,99466.0,7.0,99467.0,11.0,,,99465.0,23671.0
0,80200,DIVING_GEAR,99463.0,9.0,99462.0,17.0,,,99465.0,9.0,99466.0,17.0,,,99464.0,23746.0
0,80300,DIVING_GEAR,99465.0,27.0,,,,,99468.0,27.0,,,,,99466.5,23510.0
0,80400,DIVING_GEAR,99466.0,7.0,99465.0,11.0,,,99468.0,7.0,99469.0,11.0,,,99467.0,23440.0
0,80500,DIVING_GEAR,99470.0,9.0,99469.0,12.0,,,99472.0,9.0,99473.0,12.0,,,99471.0,23022.0
0,80600,DIVING_GEAR,99470.0,7.0,99469.0,20.0,,,99472.0,7.0,99473.0,20.0,,,99471.0,22997.0
0,80700,DIVING_GEAR,99478.0,8.0,99477.0,14.0,,,99480.0,8.0,99481.0,14.0,,,99479.0,22177.0
0,80800,DIVING_GEAR,99480.0,21.0,,,,,99483.0,21.0,,,,,99481.5,21896.0
0,80900,DIVING_GEAR,99483.0,5.0,99482.0,13.0,,,99485.0,8.0,99486.0,13.0,,,99484.0,21633.0
0,81000,DIVING_GEAR,99485.0,25.0,,,,,99488.0,25.0,,,,,99486.5,21354.0
0,81100,DIVING_GEAR,99476.0,21.0,,,,,99479.0,21.0,,,,,99477.5,22350.0
0,81200,DIVING_GEAR,99475.0,16.0,,,,,99478.0,16.0,,,,,99476.5,22463.0
0,81300,DIVING_GEAR,99473.0,20.0,,,,,99476.0,20.0,,,,,99474.5,22641.0
0,81400,DIVING_GEAR,99475.0,7.0,99474.0,19.0,,,99477.0,7.0,99478.0,19.0,,,99476.0,22500.0
0,81500,DIVING_GEAR,99466.0,24.0,,,,,99469.0,24.0,,,,,99467.5,23429.0
0,81600,DIVING_GEAR,99476.0,22.0,,,,,99479.0,22.0,,,,,99477.5,22314.0
0,81700,DIVING_GEAR,99477.0,26.0,,,,,99480.0,26.0,,,,,99478.5,22244.0
0,81800,DIVING_GEAR,99470.0,9.0,99469.0,17.0,,,99472.0,9.0,99473.0,17.0,,,99471.0,23072.0
0,81900,DIVING_GEAR,99459.0,10.0,99458.0,20.0,,,99461.0,10.0,99462.0,20.0,,,99460.0,24240.0
0,82000,DIVING_GEAR,99457.0,26.0,,,,,99460.0,26.0,,,,,99458.5,24433.0
0,82100,DIVING_GEAR,99456.0,22.0,,,,,99459.0,22.0,,,,,99457.5,24497.0
0,82200,DIVING_GEAR,99452.0,6.0,99451.0,15.0,,,99454.0,6.0,99455.0,15.0,,,99453.0,24994.0
0,82300,DIVING_GEAR,99453.0,8.0,99452.0,19.0,,,99455.0,8.0,99456.0,19.0,,,99454.0,24931.0
0,82400,DIVING_GEAR,99449.0,9.0,99448.0,17.0,,,99451.0,26.0,,,,,99450.0,25374.0
0,82500,DIVING_GEAR,99452.0,6.0,99451.0,15.0,,,99454.0,6.0,99455.0,15.0,,,99453.0,24995.0
0,82600,DIVING_GEAR,99447.0,21.0,,,,,99450.0,21.0,,,,,99448.5,25495.0
0,82700,DIVING_GEAR,99447.0,25.0,,,,,99450.0,25.0,,,,,99448.5,25522.0
0,82800,DIVING_GEAR,99453.0,18.0,,,,,99456.0,18.0,,,,,99454.5,24849.0
0,82900,DIVING_GEAR,99469.0,24.0,,,,,99472.0,24.0,,,,,99470.5,23077.0
0,83000,DIVING_GEAR,99463.0,18.0,,,,,99466.0,18.0,,,,,99464.5,23773.0
0,83100,DIVING_GEAR,99460.0,25.0,,,,,99463.0,25.0,,,,,99461.5,24093.0
0,83200,DIVING_GEAR,99455.0,6.0,99454.0,12.0,,,99457.0,6.0,99458.0,12.0,,,99456.0,24673.0
0,83300,DIVING_GEAR,99460.0,9.0,99459.0,16.0,,,99462.0,9.0,99463.0,16.0,,,99461.0,24134.0
0,83400,DIVING_GEAR,99453.0,8.0,99452.0,14.0,,,99455.0,8.0,99456.0,14.0,,,99454.0,24926.0
0,83500,DIVING_GEAR,99450.0,9.0,99449.0,16.0,,,99452.0,9.0,99453.0,16.0,,,99451.0,25260.0
0,83600,DIVING_GEAR,99449.0,19.0,,,,,99452.0,19.0,,,,,99450.5,25282.0
0,83700,DIVING_GEAR,99443.0,23.0,,,,,99446.0,23.0,,,,,99444.5,25957.0
0,83800,DIVING_GEAR,99437.0,20.0,,,,,99440.0,20.0,,,,,99438.5,26617.0
0,83900,DIVING_GEAR,99434.0,19.0,,,,,99437.0,19.0,,,,,99435.5,26946.0
0,84000,DIVING_GEAR,99421.0,17.0,,,,,99424.0,17.0,,,,,99422.5,28394.0
0,84100,DIVING_GEAR,99412.0,5.0,99411.0,17.0,,,99414.0,5.0,99415.0,17.0,,,99413.0,29391.0
0,84200,DIVING_GEAR,99409.0,22.0,,,,,99412.0,22.0,,,,,99410.5,29677.0
0,84300,DIVING_GEAR,99410.0,25.0,,,,,99413.0,25.0,,,,,99411.5,29575.0
0,84400,DIVING_GEAR,99409.0,21.0,,,,,99412.0,21.0,,,,,99410.5,29704.0
0,84500,DIVING_GEAR,99398.0,22.0,,,,,99401.0,25.0,,,,,99399.5,30923.0
0,84600,DIVING_GEAR,99395.0,25.0,,,,,99398.0,25.0,,,,,99396.5,31252.0
0,84700,DIVING_GEAR,99400.0,28.0,,,,,99403.0,28.0,,,,,99401.5,30688.0
0,84800,DIVING_GEAR,99404.0,6.0,99403.0,13.0,,,99406.0,6.0,99407.0,13.0,,,99405.0,30295.0
0,84900,DIVING_GEAR,99403.0,18.0,,,,,99406.0,18.0,,,,,99404.5,30352.0
0,85000,DIVING_GEAR,99398.0,6.0,99397.0,14.0,,,99400.0,20.0,,,,,99399.0,30981.0
0,85100,DIVING_GEAR,99401.0,18.0,,,,,99404.0,18.0,,,,,99402.5,30536.0
0,85200,DIVING_GEAR,99398.0,9.0,99397.0,15.0,,,99400.0,9.0,99401.0,15.0,,,99399.0,30946.0
0,85300,DIVING_GEAR,99390.0,22.0,,,,,99393.0,22.0,,,,,99391.5,31780.0
0,85400,DIVING_GEAR,99385.0,26.0,,,,,99388.0,26.0,,,,,99386.5,32354.0
0,85500,DIVING_GEAR,99395.0,10.0,99394.0,17.0,,,99397.0,10.0,99398.0,17.0,,,99396.0,31321.0
0,85600,DIVING_GEAR,99396.0,6.0,99395.0,19.0,,,99398.0,6.0,99399.0,19.0,,,99397.0,31165.0
0,85700,DIVING_GEAR,99403.0,24.0,,,,,99406.0,24.0,,,,,99404.5,30338.0
0,85800,DIVING_GEAR,99402.0,1.0,99400.0,20.0,,,99403.0,20.0,,,,,99402.5,30681.0
0,85900,DIVING_GEAR,99406.0,17.0,,,,,99408.0,5.0,99409.0,12.0,,,99407.0,30007.0
0,86000,DIVING_GEAR,99402.0,22.0,,,,,99405.0,22.0,,,,,99403.5,30441.0
0,86100,DIVING_GEAR,99401.0,25.0,,,,,99404.0,25.0,,,,,99402.5,30556.0
0,86200,DIVING_GEAR,99417.0,10.0,99416.0,10.0,,,99419.0,10.0,99420.0,10.0,,,99418.0,28767.0
0,86300,DIVING_GEAR,99422.0,6.0,99421.0,19.0,,,99424.0,6.0,99425.0,19.0,,,99423.0,28209.0
0,86400,DIVING_GEAR,99418.0,21.0,,,,,99421.0,21.0,,,,,99419.5,28574.0
0,86500,DIVING_GEAR,99418.0,5.0,99417.0,10.0,,,99420.0,5.0,99421.0,10.0,,,99419.0,28637.0
0,86600,DIVING_GEAR,99420.0,10.0,99419.0,13.0,,,99422.0,10.0,99423.0,13.0,,,99421.0,28400.0
0,86700,DIVING_GEAR,99428.0,6.0,99427.0,15.0,,,99430.0,21.0,,,,,99429.0,27522.0
0,86800,DIVING_GEAR,99424.0,16.0,,,,,99427.0,16.0,,,,,99425.5,27878.0
0,86900,DIVING_GEAR,99414.0,5.0,99413.0,10.0,,,99416.0,5.0,99417.0,10.0,,,99415.0,29144.0
0,87000,DIVING_GEAR,99412.0,6.0,99411.0,14.0,,,99414.0,6.0,99415.0,14.0,,,99413.0,29348.0
0,87100,DIVING_GEAR,99412.0,6.0,99411.0,11.0,,,99414.0,6.0,99415.0,11.0,,,99413.0,29338.0
0,87200,DIVING_GEAR,99413.0,5.0,99412.0,16.0,,,99415.0,5.0,99416.0,16.0,,,99414.0,29259.0
0,87300,DIVING_GEAR,99421.0,5.0,99420.0,14.0,,,99423.0,5.0,99424.0,14.0,,,99422.0,28304.0
0,87400,DIVING_GEAR,99423.0,5.0,99422.0,10.0,,,99425.0,5.0,99426.0,10.0,,,99424.0,28075.0
0,87500,DIVING_GEAR,99428.0,7.0,99427.0,10.0,,,99430.0,7.0,99431.0,10.0,,,99429.0,27485.0
0,87600,DIVING_GEAR,99421.0,6.0,99420.0,19.0,,,99423.0,6.0,99424.0,19.0,,,99422.0,28286.0
0,87700,DIVING_GEAR,99426.0,20.0,,,,,99429.0,20.0,,,,,99427.5,27657.0
0,87800,DIVING_GEAR,99439.0,25.0,,,,,99442.0,25.0,,,,,99440.5,26135.0
0,87900,DIVING_GEAR,99444.0,25.0,,,,,99447.0,25.0,,,,,99445.5,25574.0
0,88000,DIVING_GEAR,99446.0,8.0,99445.0,18.0,,,99448.0,8.0,99449.0,18.0,,,99447.0,25391.0
0,88100,DIVING_GEAR,99447.0,8.0,99446.0,14.0,,,99449.0,8.0,99450.0,14.0,,,99448.0,25280.0
0,88200,DIVING_GEAR,99458.0,18.0,,,,,99461.0,18.0,,,,,99459.5,23981.0
0,88300,DIVING_GEAR,99452.0,20.0,,,,,99455.0,20.0,,,,,99453.5,24661.0
0,88400,DIVING_GEAR,99452.0,6.0,99451.0,16.0,,,99454.0,22.0,,,,,99453.0,24743.0
0,88500,DIVING_GEAR,99454.0,29.0,,,,,99457.0,29.0,,,,,99455.5,24407.0
0,88600,DIVING_GEAR,99459.0,28.0,,,,,99462.0,28.0,,,,,99460.5,23863.0
0,88700,DIVING_GEAR,99456.0,23.0,,,,,99459.0,23.0,,,,,99457.5,24184.0
0,88800,DIVING_GEAR,99458.0,21.0,,,,,99461.0,21.0,,,,,99459.5,23960.0
0,88900,DIVING_GEAR,99456.0,28.0,,,,,99459.0,28.0,,,,,99457.5,24165.0
0,89000,DIVING_GEAR,99457.0,28.0,,,,,99460.0,28.0,,,,,99458.5,24077.0
0,89100,DIVING_GEAR,99456.0,15.0,,,,,99459.0,15.0,,,,,99457.5,24175.0
0,89200,DIVING_GEAR,99449.0,26.0,,,,,99452.0,26.0,,,,,99450.5,25013.0
0,89300,DIVING_GEAR,99449.0,23.0,,,,,99452.0,23.0,,,,,99450.5,25029.0
0,89400,DIVING_GEAR,99455.0,6.0,99454.0,18.0,,,99457.0,6.0,99458.0,18.0,,,99456.0,24388.0
0,89500,DIVING_GEAR,99448.0,18.0,,,,,99451.0,18.0,,,,,99449.5,25097.0
0,89600,DIVING_GEAR,99447.0,6.0,99446.0,18.0,,,99449.0,6.0,99450.0,18.0,,,99448.0,25275.0
0,89700,DIVING_GEAR,99451.0,24.0,,,,,99454.0,24.0,,,,,99452.5,24788.0
0,89800,DIVING_GEAR,99444.0,27.0,,,,,99447.0,27.0,,,,,99445.5,25573.0
0,89900,DIVING_GEAR,99446.0,7.0,99445.0,18.0,,,99448.0,7.0,99449.0,18.0,,,99447.0,25441.0
0,90000,DIVING_GEAR,99439.0,10.0,99438.0,14.0,,,99441.0,10.0,99442.0,14.0,,,99440.0,26219.0
0,90100,DIVING_GEAR,99446.0,19.0,,,,,99448.0,7.0,99449.0,12.0,,,99447.0,25388.0
0,90200,DIVING_GEAR,99460.0,22.0,,,,,99463.0,22.0,,,,,99461.5,23694.0
0,90300,DIVING_GEAR,99473.0,28.0,,,,,99476.0,28.0,,,,,99474.5,22212.0
0,90400,DIVING_GEAR,99472.0,8.0,99471.0,10.0,,,99474.0,8.0,99475.0,10.0,,,99473.0,22374.0
0,90500,DIVING_GEAR,99476.0,17.0,,,,,99479.0,17.0,,,,,99477.5,21832.0
0,90600,DIVING_GEAR,99477.0,19.0,,,,,99480.0,19.0,,,,,99478.5,21744.0
0,90700,DIVING_GEAR,99478.0,8.0,99477.0,18.0,,,99480.0,8.0,99481.0,18.0,,,99479.0,21670.0
0,90800,DIVING_GEAR,99487.0,19.0,,,,,99490.0,19.0,,,,,99488.5,20537.0
0,90900,DIVING_GEAR,99479.0,21.0,,,,,99482.0,21.0,,,,,99480.5,21505.0
0,91000,DIVING_GEAR,99486.0,5.0,99485.0,18.0,,,99488.0,5.0,99489.0,18.0,,,99487.0,20732.0
0,91100,DIVING_GEAR,99485.0,30.0,,,,,99488.0,30.0,,,,,99486.5,20769.0
0,91200,DIVING_GEAR,99494.0,26.0,,,,,99497.0,26.0,,,,,99495.5,19737.0
0,91300,DIVING_GEAR,99495.0,21.0,,,,,99498.0,21.0,,,,,99496.5,19601.0
0,91400,DIVING_GEAR,99491.0,29.0,,,,,99494.0,29.0,,,,,99492.5,20095.0
0,91500,DIVING_GEAR,99493.0,9.0,99492.0,13.0,,,99495.0,9.0,99496.0,13.0,,,99494.0,19892.0
0,91600,DIVING_GEAR,99498.0,5.0,99497.0,16.0,,,99500.0,5.0,99501.0,16.0,,,99499.0,19354.0
0,91700,DIVING_GEAR,99498.0,7.0,99497.0,19.0,,,99500.0,7.0,99501.0,19.0,,,99499.0,19331.0
0,91800,DIVING_GEAR,99501.0,9.0,99500.0,11.0,,,99503.0,9.0,99504.0,11.0,,,99502.0,18966.0
0,91900,DIVING_GEAR,99498.0,9.0,99497.0,14.0,,,99500.0,9.0,99501.0,14.0,,,99499.0,19358.0
0,92000,DIVING_GEAR,99484.0,23.0,,,,,99487.0,23.0,,,,,99485.5,20964.0
0,92100,DIVING_GEAR,99490.0,7.0,99489.0,13.0,,,99492.0,7.0,99493.0,13.0,,,99491.0,20288.0
0,92200,DIVING_GEAR,99494.0,21.0,,,,,99497.0,21.0,,,,,99495.5,19764.0
0,92300,DIVING_GEAR,99495.0,24.0,,,,,99498.0,24.0,,,,,99496.5,19654.0
0,92400,DIVING_GEAR,99496.0,10.0,99495.0,11.0,,,99498.0,10.0,99499.0,11.0,,,99497.0,19600.0
0,92500,DIVING_GEAR,99502.0,18.0,,,,,99505.0,18.0,,,,,99503.5,18809.0
0,92600,DIVING_GEAR,99499.0,21.0,,,,,99502.0,21.0,,,,,99500.5,19158.0
0,92700,DIVING_GEAR,99495.0,8.0,99494.0,17.0,,,99497.0,8.0,99498.0,17.0,,,99496.0,19700.0
0,92800,DIVING_GEAR,99494.0,5.0,99493.0,11.0,,,99496.0,16.0,,,,,99495.0,19846.0
0,92900,DIVING_GEAR,99501.0,10.0,99500.0,18.0,,,99503.0,10.0,99504.0,18.0,,,99502.0,18937.0
0,93000,DIVING_GEAR,99492.0,18.0,,,,,99495.0,18.0,,,,,99493.5,19999.0
0,93100,DIVING_GEAR,99500.0,7.0,99499.0,20.0,,,99502.0,7.0,99503.0,20.0,,,99501.0,19089.0
0,93200,DIVING_GEAR,99496.0,10.0,99495.0,18.0,,,99498.0,10.0,99499.0,18.0,,,99497.0,19578.0
0,93300,DIVING_GEAR,99489.0,8.0,99488.0,18.0,,,99491.0,8.0,99492.0,18.0,,,99490.0,20421.0
0,93400,DIVING_GEAR,99498.0,2.0,99497.0,6.0,99496.0,14.0,99499.0,6.0,99500.0,14.0,,,99498.5,19459.0
0,93500,DIVING_GEAR,99496.0,22.0,,,,,99499.0,22.0,,,,,99497.5,19536.0
0,93600,DIVING_GEAR,99488.0,9.0,99487.0,20.0,,,99490.0,9.0,99491.0,20.0,,,99489.0,20539.0
0,93700,DIVING_GEAR,99487.0,1.0,99486.0,8.0,99485.0,11.0,99488.0,8.0,99489.0,11.0,,,99487.5,20816.0
0,93800,DIVING_GEAR,99491.0,28.0,,,,,99494.0,28.0,,,,,99492.5,20100.0
0,93900,DIVING_GEAR,99499.0,5.0,99498.0,13.0,,,99501.0,5.0,99502.0,13.0,,,99500.0,19181.0
0,94000,DIVING_GEAR,99496.0,25.0,,,,,99499.0,25.0,,,,,99497.5,19512.0
0,94100,DIVING_GEAR,99499.0,7.0,99498.0,10.0,,,99501.0,7.0,99502.0,10.0,,,99500.0,19199.0
0,94200,DIVING_GEAR,99503.0,23.0,,,,,99506.0,23.0,,,,,99504.5,18644.0
0,94300,DIVING_GEAR,99499.0,24.0,,,,,99502.0,24.0,,,,,99500.5,19147.0
0,94400,DIVING_GEAR,99501.0,25.0,,,,,99504.0,25.0,,,,,99502.5,18872.0
0,94500,DIVING_GEAR,99501.0,25.0,,,,,99504.0,25.0,,,,,99502.5,18897.0
0,94600,DIVING_GEAR,99498.0,10.0,99497.0,11.0,,,99500.0,10.0,99501.0,11.0,,,99499.0,19315.0
0,94700,DIVING_GEAR,99495.0,8.0,99494.0,16.0,,,99497.0,8.0,99498.0,16.0,,,99496.0,19698.0
0,94800,DIVING_GEAR,99495.0,21.0,,,,,99498.0,21.0,,,,,99496.5,19648.0
0,94900,DIVING_GEAR,99495.0,26.0,,,,,99498.0,26.0,,,,,99496.5,19625.0
0,95000,DIVING_GEAR,99492.0,10.0,99491.0,16.0,,,99494.0,10.0,99495.0,16.0,,,99493.0,20066.0
0,95100,DIVING_GEAR,99489.0,25.0,,,,,99492.0,25.0,,,,,99490.5,20398.0
0,95200,DIVING_GEAR,99496.0,18.0,,,,,99499.0,18.0,,,,,99497.5,19533.0
0,95300,DIVING_GEAR,99497.0,26.0,,,,,99500.0,26.0,,,,,99498.5,19369.0
0,95400,DIVING_GEAR,99503.0,10.0,99502.0,11.0,,,99505.0,10.0,99506.0,11.0,,,99504.0,18682.0
0,95500,DIVING_GEAR,99510.0,22.0,,,,,99513.0,22.0,,,,,99511.5,17748.0
0,95600,DIVING_GEAR,99516.0,3.0,99514.0,17.0,,,99517.0,17.0,,,,,99516.5,17292.0
0,95700,DIVING_GEAR,99530.0,1.0,99528.0,28.0,,,99531.0,28.0,,,,,99530.5,15515.0
0,95800,DIVING_GEAR,99523.0,18.0,,,,,99526.0,18.0,,,,,99524.5,16168.0
0,95900,DIVING_GEAR,99528.0,25.0,,,,,99531.0,25.0,,,,,99529.5,15530.0
0,96000,DIVING_GEAR,99526.0,25.0,,,,,99529.0,25.0,,,,,99527.5,15783.0
0,96100,DIVING_GEAR,99538.0,5.0,99537.0,17.0,,,99540.0,5.0,99541.0,17.0,,,99539.0,14318.0
0,96200,DIVING_GEAR,99549.0,5.0,99548.0,11.0,,,99551.0,5.0,99552.0,11.0,,,99550.0,12952.0
0,96300,DIVING_GEAR,99538.0,1.0,99536.0,27.0,,,99539.0,27.0,,,,,99538.5,14521.0
0,96400,DIVING_GEAR,99530.0,27.0,,,,,99533.0,27.0,,,,,99531.5,15300.0
0,96500,DIVING_GEAR,99534.0,28.0,,,,,99537.0,28.0,,,,,99535.5,14768.0
0,96600,DIVING_GEAR,99539.0,20.0,,,,,99542.0,20.0,,,,,99540.5,14135.0
0,96700,DIVING_GEAR,99544.0,8.0,99543.0,15.0,,,99546.0,8.0,99547.0,15.0,,,99545.0,13545.0
0,96800,DIVING_GEAR,99543.0,21.0,,,,,99546.0,21.0,,,,,99544.5,13603.0
0,96900,DIVING_GEAR,99546.0,24.0,,,,,99549.0,24.0,,,,,99547.5,13239.0
0,97000,DIVING_GEAR,99550.0,25.0,,,,,99553.0,25.0,,,,,99551.5,12715.0
0,97100,DIVING_GEAR,99550.0,5.0,99549.0,17.0,,,99552.0,5.0,99553.0,17.0,,,99551.0,12779.0
0,97200,DIVING_GEAR,99556.0,18.0,,,,,99559.0,18.0,,,,,99557.5,11955.0
0,97300,DIVING_GEAR,99542.0,22.0,,,,,99545.0,22.0,,,,,99543.5,13770.0
0,97400,DIVING_GEAR,99546.0,26.0,,,,,99549.0,26.0,,,,,99547.5,13258.0
0,97500,DIVING_GEAR,99540.0,9.0,99539.0,18.0,,,99542.0,9.0,99543.0,18.0,,,99541.0,14119.0
0,97600,DIVING_GEAR,99546.0,10.0,99545.0,10.0,,,99548.0,10.0,99549.0,10.0,,,99547.0,13326.0
0,97700,DIVING_GEAR,99544.0,23.0,,,,,99547.0,23.0,,,,,99545.5,13517.0
0,97800,DIVING_GEAR,99539.0,8.0,99538.0,15.0,,,99541.0,8.0,99542.0,15.0,,,99540.0,14254.0
0,97900,DIVING_GEAR,99541.0,8.0,99540.0,18.0,,,99543.0,8.0,99544.0,18.0,,,99542.0,13945.0
0,98000,DIVING_GEAR,99535.0,19.0,,,,,99538.0,19.0,,,,,99536.5,14701.0
0,98100,DIVING_GEAR,99530.0,8.0,99529.0,12.0,,,99532.0,20.0,,,,,99531.0,15457.0
0,98200,DIVING_GEAR,99520.0,10.0,99519.0,16.0,,,99522.0,10.0,99523.0,16.0,,,99521.0,16755.0
0,98300,DIVING_GEAR,99519.0,27.0,,,,,99522.0,27.0,,,,,99520.5,16779.0
0,98400,DIVING_GEAR,99523.0,5.0,99522.0,12.0,,,99525.0,5.0,99526.0,12.0,,,99524.0,16369.0
0,98500,DIVING_GEAR,99529.0,23.0,,,,,99531.0,8.0,99532.0,15.0,,,99530.0,15523.0
0,98600,DIVING_GEAR,99528.0,24.0,,,,,99531.0,24.0,,,,,99529.5,15642.0
0,98700,DIVING_GEAR,99535.0,6.0,99534.0,19.0,,,99537.0,6.0,99538.0,19.0,,,99536.0,14775.0
0,98800,DIVING_GEAR,99535.0,9.0,99534.0,15.0,,,99537.0,9.0,99538.0,15.0,,,99536.0,14762.0
0,98900,DIVING_GEAR,99534.0,23.0,,,,,99537.0,23.0,,,,,99535.5,14840.0
0,99000,DIVING_GEAR,99538.0,7.0,99537.0,19.0,,,99540.0,7.0,99541.0,19.0,,,99539.0,14366.0
0,99100,DIVING_GEAR,99544.0,25.0,,,,,99547.0,25.0,,,,,99545.5,13491.0
0,99200,DIVING_GEAR,99542.0,23.0,,,,,99545.0,23.0,,,,,99543.5,13775.0
0,99300,DIVING_GEAR,99541.0,7.0,99540.0,18.0,,,99543.0,7.0,99544.0,18.0,,,99542.0,13978.0
0,99400,DIVING_GEAR,99540.0,10.0,99539.0,20.0,,,99542.0,10.0,99543.0,20.0,,,99541.0,14112.0
0,99500,DIVING_GEAR,99540.0,22.0,,,,,99543.0,22.0,,,,,99541.5,14044.0
0,99600,DIVING_GEAR,99535.0,8.0,99534.0,13.0,,,99537.0,8.0,99538.0,13.0,,,99536.0,14812.0
0,99700,DIVING_GEAR,99541.0,6.0,99540.0,14.0,,,99543.0,6.0,99544.0,14.0,,,99542.0,13943.0
0,99800,DIVING_GEAR,99538.0,25.0,,,,,99541.0,25.0,,,,,99539.5,14284.0
0,99900,DIVING_GEAR,99541.0,20.0,,,,,99544.0,20.0,,,,,99542.5,13893.0
0,100000,DIVING_GEAR,99536.0,28.0,,,,,99539.0,28.0,,,,,99537.5,14593.0
0,100100,DIVING_GEAR,99538.0,24.0,,,,,99541.0,24.0,,,,,99539.5,14290.0
0,100200,DIVING_GEAR,99541.0,6.0,99540.0,16.0,,,99543.0,6.0,99544.0,16.0,,,99542.0,13960.0
0,100300,DIVING_GEAR,99538.0,19.0,,,,,99541.0,19.0,,,,,99539.5,14319.0
0,100400,DIVING_GEAR,99551.0,7.0,99550.0,10.0,,,99553.0,7.0,99554.0,10.0,,,99552.0,12597.0
0,100500,DIVING_GEAR,99553.0,17.0,,,,,99556.0,17.0,,,,,99554.5,12281.0
0,100600,DIVING_GEAR,99564.0,21.0,,,,,99567.0,21.0,,,,,99565.5,10766.0
0,100700,DIVING_GEAR,99570.0,20.0,,,,,99573.0,20.0,,,,,99571.5,9949.0
0,100800,DIVING_GEAR,99566.0,21.0,,,,,99569.0,21.0,,,,,99567.5,10516.0
0,100900,DIVING_GEAR,99564.0,10.0,99563.0,13.0,,,99566.0,10.0,99567.0,13.0,,,99565.0,10843.0
0,101000,DIVING_GEAR,99567.0,2.0,99566.0,19.0,,,99569.0,24.0,,,,,99568.0,10470.0
0,101100,DIVING_GEAR,99567.0,7.0,99566.0,20.0,,,99569.0,7.0,99570.0,20.0,,,99568.0,10418.0
0,101200,DIVING_GEAR,99567.0,25.0,,,,,99570.0,25.0,,,,,99568.5,10374.0
0,101300,DIVING_GEAR,99565.0,21.0,,,,,99568.0,21.0,,,,,99566.5,10626.0
0,101400,DIVING_GEAR,99554.0,16.0,,,,,99557.0,16.0,,,,,99555.5,12216.0
0,101500,DIVING_GEAR,99553.0,10.0,99552.0,11.0,,,99555.0,10.0,99556.0,11.0,,,99554.0,12415.0
0,101600,DIVING_GEAR,99539.0,9.0,99538.0,19.0,,,99541.0,9.0,99542.0,19.0,,,99540.0,14364.0
0,101700,DIVING_GEAR,99541.0,26.0,,,,,99544.0,26.0,,,,,99542.5,14038.0
0,101800,DIVING_GEAR,99536.0,21.0,,,,,99539.0,21.0,,,,,99537.5,14677.0
0,101900,DIVING_GEAR,99532.0,10.0,99531.0,15.0,,,99534.0,10.0,99535.0,15.0,,,99533.0,15306.0
0,102000,DIVING_GEAR,99531.0,6.0,99530.0,19.0,,,99533.0,6.0,99534.0,19.0,,,99532.0,15499.0
0,102100,DIVING_GEAR,99532.0,15.0,,,,,99535.0,15.0,,,,,99533.5,15262.0
0,102200,DIVING_GEAR,99523.0,28.0,,,,,99526.0,28.0,,,,,99524.5,16520.0
0,102300,DIVING_GEAR,99514.0,3.0,99512.0,17.0,,,99515.0,17.0,,,,,99514.5,18055.0
0,102400,DIVING_GEAR,99506.0,9.0,99505.0,11.0,,,99508.0,9.0,99509.0,11.0,,,99507.0,18992.0
0,102500,DIVING_GEAR,99493.0,7.0,99492.0,15.0,,,99495.0,7.0,99496.0,15.0,,,99494.0,20785.0
0,102600,DIVING_GEAR,99487.0,9.0,99486.0,12.0,,,99489.0,9.0,99490.0,12.0,,,99488.0,21634.0
0,102700,DIVING_GEAR,99497.0,9.0,99496.0,11.0,,,99499.0,9.0,99500.0,11.0,,,99498.0,20239.0
0,102800,DIVING_GEAR,99490.0,25.0,,,,,99493.0,25.0,,,,,99491.5,21168.0
0,102900,DIVING_GEAR,99494.0,26.0,,,,,99497.0,26.0,,,,,99495.5,20597.0
0,103000,DIVING_GEAR,99486.0,9.0,99485.0,16.0,,,99488.0,9.0,99489.0,16.0,,,99487.0,21823.0
0,103100,DIVING_GEAR,99487.0,21.0,,,,,99490.0,21.0,,,,,99488.5,21558.0
0,103200,DIVING_GEAR,99485.0,28.0,,,,,99488.0,28.0,,,,,99486.5,21843.0
0,103300,DIVING_GEAR,99485.0,21.0,,,,,99488.0,21.0,,,,,99486.5,21897.0
0,103400,DIVING_GEAR,99489.0,8.0,99488.0,17.0,,,99491.0,8.0,99492.0,17.0,,,99490.0,21392.0
0,103500,DIVING_GEAR,99500.0,6.0,99499.0,15.0,,,99502.0,6.0,99503.0,15.0,,,99501.0,19830.0
0,103600,DIVING_GEAR,99501.0,9.0,99500.0,14.0,,,99503.0,9.0,99504.0,14.0,,,99502.0,19658.0
0,103700,DIVING_GEAR,99502.0,9.0,99501.0,13.0,,,99504.0,9.0,99505.0,13.0,,,99503.0,19549.0
0,103800,DIVING_GEAR,99495.0,24.0,,,,,99498.0,24.0,,,,,99496.5,20422.0
0,103900,DIVING_GEAR,99499.0,24.0,,,,,99502.0,24.0,,,,,99500.5,19901.0
0,104000,DIVING_GEAR,99498.0,9.0,99497.0,17.0,,,99500.0,9.0,99501.0,17.0,,,99499.0,20123.0
0,104100,DIVING_GEAR,99503.0,7.0,99502.0,10.0,,,99505.0,7.0,99506.0,10.0,,,99504.0,19378.0
0,104200,DIVING_GEAR,99502.0,23.0,,,,,99505.0,23.0,,,,,99503.5,19419.0
0,104300,DIVING_GEAR,99513.0,28.0,,,,,99516.0,28.0,,,,,99514.5,17860.0
0,104400,DIVING_GEAR,99501.0,10.0,99500.0,19.0,,,99503.0,10.0,99504.0,19.0,,,99502.0,19638.0
0,104500,DIVING_GEAR,99499.0,28.0,,,,,99502.0,28.0,,,,,99500.5,19905.0
0,104600,DIVING_GEAR,99505.0,10.0,99504.0,19.0,,,99507.0,10.0,99508.0,19.0,,,99506.0,19116.0
0,104700,DIVING_GEAR,99502.0,27.0,,,,,99505.0,27.0,,,,,99503.5,19432.0
0,104800,DIVING_GEAR,99497.0,20.0,,,,,99500.0,20.0,,,,,99498.5,20143.0
0,104900,DIVING_GEAR,99496.0,5.0,99495.0,15.0,,,99498.0,5.0,99499.0,15.0,,,99497.0,20382.0
0,105000,DIVING_GEAR,99487.0,21.0,,,,,99490.0,21.0,,,,,99488.5,21620.0
0,105100,DIVING_GEAR,99488.0,10.0,99487.0,19.0,,,99490.0,10.0,99491.0,19.0,,,99489.0,21515.0
0,105200,DIVING_GEAR,99503.0,22.0,,,,,99506.0,22.0,,,,,99504.5,19329.0
0,105300,DIVING_GEAR,99510.0,24.0,,,,,99513.0,24.0,,,,,99511.5,18303.0
0,105400,DIVING_GEAR,99503.0,22.0,,,,,99506.0,22.0,,,,,99504.5,19299.0
0,105500,DIVING_GEAR,99498.0,10.0,99497.0,17.0,,,99500.0,10.0,99501.0,17.0,,,99499.0,20083.0
0,105600,DIVING_GEAR,99495.0,16.0,,,,,99498.0,16.0,,,,,99496.5,20447.0
0,105700,DIVING_GEAR,99502.0,6.0,99501.0,15.0,,,99504.0,6.0,99505.0,15.0,,,99503.0,19548.0
0,105800,DIVING_GEAR,99496.0,28.0,,,,,99499.0,28.0,,,,,99497.5,20285.0
0,105900,DIVING_GEAR,99492.0,16.0,,,,,99495.0,16.0,,,,,99493.5,20905.0
0,106000,DIVING_GEAR,99498.0,9.0,99497.0,19.0,,,99500.0,9.0,99501.0,19.0,,,99499.0,20113.0
0,106100,DIVING_GEAR,99503.0,19.0,,,,,99506.0,20.0,,,,,99504.5,19330.0
0,106200,DIVING_GEAR,99501.0,8.0,99500.0,16.0,,,99503.0,8.0,99504.0,16.0,,,99502.0,19673.0
0,106300,DIVING_GEAR,99494.0,6.0,99493.0,12.0,,,99496.0,6.0,99497.0,12.0,,,99495.0,20697.0
0,106400,DIVING_GEAR,99484.0,10.0,99483.0,11.0,,,99486.0,10.0,99487.0,11.0,,,99485.0,22117.0
0,106500,DIVING_GEAR,99480.0,8.0,99479.0,17.0,,,99482.0,8.0,99483.0,17.0,,,99481.0,22757.0
0,106600,DIVING_GEAR,99466.0,10.0,99465.0,13.0,,,99468.0,10.0,99469.0,13.0,,,99467.0,24799.0
0,106700,DIVING_GEAR,99470.0,21.0,,,,,99473.0,21.0,,,,,99471.5,24114.0
0,106800,DIVING_GEAR,99466.0,24.0,,,,,99469.0,24.0,,,,,99467.5,24697.0
0,106900,DIVING_GEAR,99469.0,22.0,,,,,99472.0,22.0,,,,,99470.5,24252.0
0,107000,DIVING_GEAR,99481.0,20.0,,,,,99484.0,20.0,,,,,99482.5,22520.0
0,107100,DIVING_GEAR,99488.0,24.0,,,,,99491.0,24.0,,,,,99489.5,21424.0
0,107200,DIVING_GEAR,99481.0,22.0,,,,,99484.0,22.0,,,,,99482.5,22501.0
0,107300,DIVING_GEAR,99487.0,7.0,99486.0,10.0,,,99489.0,7.0,99490.0,10.0,,,99488.0,21691.0
0,107400,DIVING_GEAR,99494.0,6.0,99493.0,15.0,,,99496.0,6.0,99497.0,15.0,,,99495.0,20611.0
0,107500,DIVING_GEAR,99489.0,19.0,,,,,99492.0,19.0,,,,,99490.5,21309.0
0,107600,DIVING_GEAR,99483.0,25.0,,,,,99486.0,25.0,,,,,99484.5,22200.0
0,107700,DIVING_GEAR,99482.0,27.0,,,,,99485.0,27.0,,,,,99483.5,22303.0
0,107800,DIVING_GEAR,99472.0,17.0,,,,,99475.0,17.0,,,,,99473.5,23800.0
0,107900,DIVING_GEAR,99482.0,8.0,99481.0,15.0,,,99484.0,8.0,99485.0,15.0,,,99483.0,22428.0
0,108000,DIVING_GEAR,99467.0,10.0,99466.0,17.0,,,99469.0,10.0,99470.0,17.0,,,99468.0,24676.0
0,108100,DIVING_GEAR,99460.0,5.0,99459.0,20.0,,,99462.0,5.0,99463.0,20.0,,,99461.0,25709.0
0,108200,DIVING_GEAR,99458.0,7.0,99457.0,12.0,,,99460.0,7.0,99461.0,12.0,,,99459.0,25963.0
0,108300,DIVING_GEAR,99456.0,21.0,,,,,99459.0,21.0,,,,,99457.5,26176.0
0,108400,DIVING_GEAR,99457.0,23.0,,,,,99460.0,23.0,,,,,99458.5,26022.0
0,108500,DIVING_GEAR,99459.0,19.0,,,,,99462.0,19.0,,,,,99460.5,25770.0
0,108600,DIVING_GEAR,99458.0,9.0,99457.0,10.0,,,99460.0,9.0,99461.0,10.0,,,99459.0,25970.0
0,108700,DIVING_GEAR,99465.0,6.0,99464.0,11.0,,,99467.0,6.0,99468.0,11.0,,,99466.0,24911.0
0,108800,DIVING_GEAR,99452.0,9.0,99451.0,15.0,,,99454.0,9.0,99455.0,15.0,,,99453.0,26909.0
0,108900,DIVING_GEAR,99452.0,5.0,99451.0,17.0,,,99454.0,5.0,99455.0,17.0,,,99453.0,26911.0
0,109000,DIVING_GEAR,99447.0,16.0,,,,,99450.0,16.0,,,,,99448.5,27579.0
0,109100,DIVING_GEAR,99448.0,6.0,99447.0,11.0,,,99450.0,6.0,99451.0,11.0,,,99449.0,27457.0
0,109200,DIVING_GEAR,99449.0,17.0,,,,,99452.0,17.0,,,,,99450.5,27252.0
0,109300,DIVING_GEAR,99444.0,6.0,99443.0,12.0,,,99446.0,6.0,99447.0,12.0,,,99445.0,28104.0
0,109400,DIVING_GEAR,99440.0,10.0,99439.0,17.0,,,99442.0,27.0,,,,,99441.0,28703.0
0,109500,DIVING_GEAR,99444.0,25.0,,,,,99447.0,25.0,,,,,99445.5,27964.0
0,109600,DIVING_GEAR,99447.0,8.0,99446.0,15.0,,,99449.0,8.0,99450.0,15.0,,,99448.0,27640.0
0,109700,DIVING_GEAR,99442.0,17.0,,,,,99445.0,17.0,,,,,99443.5,28276.0
0,109800,DIVING_GEAR,99455.0,19.0,,,,,99458.0,19.0,,,,,99456.5,26373.0
0,109900,DIVING_GEAR,99470.0,10.0,99469.0,16.0,,,99472.0,10.0,99473.0,16.0,,,99471.0,24218.0
0,110000,DIVING_GEAR,99460.0,26.0,,,,,99463.0,26.0,,,,,99461.5,25585.0
0,110100,DIVING_GEAR,99462.0,23.0,,,,,99465.0,23.0,,,,,99463.5,25304.0
0,110200,DIVING_GEAR,99478.0,23.0,,,,,99481.0,23.0,,,,,99479.5,22963.0
0,110300,DIVING_GEAR,99483.0,8.0,99482.0,15.0,,,99485.0,8.0,99486.0,15.0,,,99484.0,22232.0
0,110400,DIVING_GEAR,99484.0,19.0,,,,,99487.0,19.0,,,,,99485.5,22027.0
0,110500,DIVING_GEAR,99483.0,21.0,,,,,99485.0,7.0,99486.0,14.0,,,99484.0,22223.0
0,110600,DIVING_GEAR,99480.0,7.0,99479.0,16.0,,,99482.0,7.0,99483.0,16.0,,,99481.0,22729.0
0,110700,DIVING_GEAR,99478.0,21.0,,,,,99481.0,21.0,,,,,99479.5,22929.0
0,110800,DIVING_GEAR,99475.0,10.0,99474.0,19.0,,,99477.0,10.0,99478.0,19.0,,,99476.0,23445.0
0,110900,DIVING_GEAR,99479.0,23.0,,,,,99482.0,23.0,,,,,99480.5,22750.0
0,111000,DIVING_GEAR,99477.0,9.0,99476.0,18.0,,,99479.0,9.0,99480.0,18.0,,,99478.0,23124.0
0,111100,DIVING_GEAR,99474.0,19.0,,,,,99477.0,19.0,,,,,99475.5,23537.0
0,111200,DIVING_GEAR,99467.0,5.0,99466.0,15.0,,,99469.0,5.0,99470.0,15.0,,,99468.0,24660.0
0,111300,DIVING_GEAR,99466.0,17.0,,,,,99469.0,17.0,,,,,99467.5,24708.0
0,111400,DIVING_GEAR,99461.0,7.0,99460.0,11.0,,,99463.0,7.0,99464.0,11.0,,,99462.0,25544.0
0,111500,DIVING_GEAR,99460.0,9.0,99459.0,11.0,,,99462.0,9.0,99463.0,11.0,,,99461.0,25714.0
0,111600,DIVING_GEAR,99466.0,28.0,,,,,99469.0,28.0,,,,,99467.5,24742.0
0,111700,DIVING_GEAR,99468.0,28.0,,,,,99471.0,28.0,,,,,99469.5,24402.0
0,111800,DIVING_GEAR,99472.0,7.0,99471.0,12.0,,,99474.0,7.0,99475.0,12.0,,,99473.0,23932.0
0,111900,DIVING_GEAR,99474.0,8.0,99473.0,17.0,,,99476.0,8.0,99477.0,17.0,,,99475.0,23601.0
0,112000,DIVING_GEAR,99474.0,26.0,,,,,99477.0,26.0,,,,,99475.5,23546.0
0,112100,DIVING_GEAR,99473.0,28.0,,,,,99476.0,28.0,,,,,99474.5,23666.0
0,112200,DIVING_GEAR,99471.0,20.0,,,,,99474.0,20.0,,,,,99472.5,23955.0
0,112300,DIVING_GEAR,99476.0,28.0,,,,,99479.0,28.0,,,,,99477.5,23247.0
0,112400,DIVING_GEAR,99469.0,15.0,,,,,99472.0,15.0,,,,,99470.5,24261.0
0,112500,DIVING_GEAR,99478.0,9.0,99477.0,16.0,,,99480.0,9.0,99481.0,16.0,,,99479.0,23011.0
0,112600,DIVING_GEAR,99478.0,6.0,99477.0,19.0,,,99480.0,6.0,99481.0,19.0,,,99479.0,22982.0
0,112700,DIVING_GEAR,99473.0,15.0,,,,,99476.0,15.0,,,,,99474.5,23691.0
0,112800,DIVING_GEAR,99470.0,26.0,,,,,99473.0,27.0,,,,,99471.5,24155.0
0,112900,DIVING_GEAR,99466.0,7.0,99465.0,13.0,,,99468.0,7.0,99469.0,13.0,,,99467.0,24801.0
0,113000,DIVING_GEAR,99467.0,5.0,99466.0,20.0,,,99469.0,5.0,99470.0,20.0,,,99468.0,24649.0
0,113100,DIVING_GEAR,99462.0,27.0,,,,,99465.0,27.0,,,,,99463.5,25334.0
0,113200,DIVING_GEAR,99470.0,7.0,99469.0,20.0,,,99472.0,7.0,99473.0,20.0,,,99471.0,24247.0
0,113300,DIVING_GEAR,99465.0,10.0,99464.0,18.0,,,99467.0,10.0,99468.0,18.0,,,99466.0,25012.0
0,113400,DIVING_GEAR,99450.0,22.0,,,,,99453.0,22.0,,,,,99451.5,27236.0
0,113500,DIVING_GEAR,99446.0,6.0,99445.0,12.0,,,99448.0,6.0,99449.0,12.0,,,99447.0,27951.0
0,113600,DIVING_GEAR,99433.0,26.0,,,,,99436.0,26.0,,,,,99434.5,29915.0
0,113700,DIVING_GEAR,99433.0,6.0,99432.0,19.0,,,99435.0,6.0,99436.0,19.0,,,99434.0,29955.0
0,113800,DIVING_GEAR,99440.0,10.0,99439.0,18.0,,,99442.0,10.0,99443.0,18.0,,,99441.0,28921.0
0,113900,DIVING_GEAR,99444.0,6.0,99443.0,10.0,,,99446.0,6.0,99447.0,10.0,,,99445.0,28290.0
0,114000,DIVING_GEAR,99435.0,25.0,,,,,99438.0,25.0,,,,,99436.5,29598.0
0,114100,DIVING_GEAR,99430.0,25.0,,,,,99433.0,25.0,,,,,99431.5,30345.0
0,114200,DIVING_GEAR,99442.0,7.0,99441.0,12.0,,,99444.0,7.0,99445.0,12.0,,,99443.0,28608.0
0,114300,DIVING_GEAR,99444.0,10.0,99443.0,11.0,,,99446.0,10.0,99447.0,11.0,,,99445.0,28297.0
0,114400,DIVING_GEAR,99444.0,10.0,99443.0,12.0,,,99446.0,10.0,99447.0,12.0,,,99445.0,28295.0
0,114500,DIVING_GEAR,99450.0,20.0,,,,,99453.0,20.0,,,,,99451.5,27247.0
0,114600,DIVING_GEAR,99466.0,6.0,99465.0,17.0,,,99468.0,6.0,99469.0,17.0,,,99467.0,24805.0
0,114700,DIVING_GEAR,99474.0,9.0,99473.0,17.0,,,99476.0,9.0,99477.0,17.0,,,99475.0,23515.0
0,114800,DIVING_GEAR,99475.0,5.0,99474.0,14.0,,,99477.0,5.0,99478.0,14.0,,,99476.0,23378.0
0,114900,DIVING_GEAR,99477.0,5.0,99476.0,10.0,,,99479.0,5.0,99480.0,10.0,,,99478.0,23025.0
0,115000,DIVING_GEAR,99481.0,10.0,99480.0,13.0,,,99483.0,10.0,99484.0,13.0,,,99482.0,22412.0
0,115100,DIVING_GEAR,99477.0,7.0,99476.0,13.0,,,99479.0,7.0,99480.0,13.0,,,99478.0,23024.0
0,115200,DIVING_GEAR,99470.0,24.0,,,,,99473.0,24.0,,,,,99471.5,24080.0
0,115300,DIVING_GEAR,99470.0,17.0,,,,,99473.0,17.0,,,,,99471.5,24029.0
0,115400,DIVING_GEAR,99464.0,25.0,,,,,99467.0,25.0,,,,,99465.5,24974.0
0,115500,DIVING_GEAR,99464.0,22.0,,,,,99467.0,22.0,,,,,99465.5,25036.0
0,115600,DIVING_GEAR,99465.0,7.0,99464.0,17.0,,,99467.0,7.0,99468.0,17.0,,,99466.0,24942.0
0,115700,DIVING_GEAR,99479.0,28.0,,,,,99482.0,28.0,,,,,99480.5,22612.0
0,115800,DIVING_GEAR,99474.0,18.0,,,,,99477.0,18.0,,,,,99475.5,23460.0
0,115900,DIVING_GEAR,99473.0,19.0,,,,,99476.0,19.0,,,,,99474.5,23583.0
0,116000,DIVING_GEAR,99472.0,25.0,,,,,99475.0,25.0,,,,,99473.5,23748.0
0,116100,DIVING_GEAR,99475.0,8.0,99474.0,13.0,,,99477.0,8.0,99478.0,13.0,,,99476.0,23313.0
0,116200,DIVING_GEAR,99481.0,20.0,,,,,99484.0,20.0,,,,,99482.5,22272.0
0,116300,DIVING_GEAR,99478.0,17.0,,,,,99481.0,17.0,,,,,99479.5,22762.0
0,116400,DIVING_GEAR,99473.0,28.0,,,,,99476.0,28.0,,,,,99474.5,23582.0
0,116500,DIVING_GEAR,99463.0,5.0,99462.0,10.0,,,99465.0,5.0,99466.0,10.0,,,99464.0,25218.0
0,116600,DIVING_GEAR,99457.0,23.0,,,,,99460.0,23.0,,,,,99458.5,26142.0
0,116700,DIVING_GEAR,99460.0,25.0,,,,,99463.0,25.0,,,,,99461.5,25609.0
0,116800,DIVING_GEAR,99461.0,5.0,99460.0,18.0,,,99463.0,5.0,99464.0,18.0,,,99462.0,25564.0
0,116900,DIVING_GEAR,99454.0,24.0,,,,,99457.0,24.0,,,,,99455.5,26577.0
0,117000,DIVING_GEAR,99452.0,29.0,,,,,99455.0,29.0,,,,,99453.5,26949.0
0,117100,DIVING_GEAR,99452.0,19.0,,,,,99455.0,19.0,,,,,99453.5,26920.0
0,117200,DIVING_GEAR,99455.0,17.0,,,,,99458.0,17.0,,,,,99456.5,26419.0
0,117300,DIVING_GEAR,99452.0,5.0,99451.0,13.0,,,99454.0,5.0,99455.0,13.0,,,99453.0,27011.0
0,117400,DIVING_GEAR,99450.0,26.0,,,,,99453.0,26.0,,,,,99451.5,27262.0
0,117500,DIVING_GEAR,99439.0,9.0,99438.0,19.0,,,99441.0,9.0,99442.0,19.0,,,99440.0,29075.0
0,117600,DIVING_GEAR,99431.0,24.0,,,,,99434.0,24.0,,,,,99432.5,30224.0
0,117700,DIVING_GEAR,99442.0,7.0,99441.0,15.0,,,99444.0,7.0,99445.0,15.0,,,99443.0,28614.0
0,117800,DIVING_GEAR,99428.0,8.0,99427.0,11.0,,,99430.0,8.0,99431.0,11.0,,,99429.0,30794.0
0,117900,DIVING_GEAR,99426.0,8.0,99425.0,14.0,,,99428.0,5.0,99429.0,14.0,,,99427.0,31135.0
0,118000,DIVING_GEAR,99427.0,20.0,,,,,99430.0,20.0,,,,,99428.5,30913.0
0,118100,DIVING_GEAR,99425.0,8.0,99424.0,11.0,,,99427.0,6.0,99428.0,11.0,,,99426.0,31296.0
0,118200,DIVING_GEAR,99420.0,8.0,99419.0,14.0,,,99422.0,8.0,99423.0,14.0,,,99421.0,32128.0
0,118300,DIVING_GEAR,99419.0,16.0,,,,,99422.0,16.0,,,,,99420.5,32192.0
0,118400,DIVING_GEAR,99419.0,25.0,,,,,99422.0,25.0,,,,,99420.5,32198.0
0,118500,DIVING_GEAR,99419.0,5.0,99418.0,12.0,,,99421.0,5.0,99422.0,12.0,,,99420.0,32284.0
0,118600,DIVING_GEAR,99407.0,6.0,99406.0,13.0,,,99409.0,6.0,99410.0,13.0,,,99408.0,34215.0
0,118700,DIVING_GEAR,99406.0,22.0,,,,,99409.0,22.0,,,,,99407.5,34367.0
0,118800,DIVING_GEAR,99401.0,9.0,99400.0,14.0,,,99403.0,9.0,99404.0,14.0,,,99402.0,35246.0
0,118900,DIVING_GEAR,99397.0,16.0,,,,,99400.0,16.0,,,,,99398.5,35810.0
0,119000,DIVING_GEAR,99400.0,2.0,99399.0,6.0,99398.0,13.0,99401.0,6.0,99402.0,13.0,,,99400.5,35578.0
0,119100,DIVING_GEAR,99403.0,10.0,99402.0,15.0,,,99405.0,10.0,99406.0,15.0,,,99404.0,34922.0
0,119200,DIVING_GEAR,99408.0,25.0,,,,,99411.0,25.0,,,,,99409.5,34002.0
0,119300,DIVING_GEAR,99405.0,24.0,,,,,99408.0,24.0,,,,,99406.5,34513.0
0,119400,DIVING_GEAR,99411.0,8.0,99410.0,18.0,,,99413.0,8.0,99414.0,18.0,,,99412.0,33567.0
0,119500,DIVING_GEAR,99418.0,26.0,,,,,99421.0,26.0,,,,,99419.5,32362.0
0,119600,DIVING_GEAR,99425.0,27.0,,,,,99428.0,27.0,,,,,99426.5,31196.0
0,119700,DIVING_GEAR,99434.0,18.0,,,,,99437.0,18.0,,,,,99435.5,29770.0
0,119800,DIVING_GEAR,99433.0,27.0,,,,,99436.0,27.0,,,,,99434.5,29920.0
0,119900,DIVING_GEAR,99432.0,29.0,,,,,99435.0,29.0,,,,,99433.5,30101.0
0,120000,DIVING_GEAR,99437.0,23.0,,,,,99440.0,23.0,,,,,99438.5,29255.0
0,120100,DIVING_GEAR,99429.0,5.0,99428.0,20.0,,,99431.0,5.0,99432.0,20.0,,,99430.0,30659.0
0,120200,DIVING_GEAR,99430.0,10.0,99429.0,18.0,,,99432.0,10.0,99433.0,18.0,,,99431.0,30445.0
0,120300,DIVING_GEAR,99427.0,10.0,99426.0,18.0,,,99429.0,10.0,99430.0,18.0,,,99428.0,30992.0
0,120400,DIVING_GEAR,99424.0,25.0,,,,,99427.0,25.0,,,,,99425.5,31373.0
0,120500,DIVING_GEAR,99413.0,27.0,,,,,99416.0,27.0,,,,,99414.5,33163.0
0,120600,DIVING_GEAR,99408.0,8.0,99407.0,19.0,,,99410.0,8.0,99411.0,19.0,,,99409.0,34079.0
0,120700,DIVING_GEAR,99408.0,10.0,99407.0,12.0,,,99410.0,10.0,99411.0,12.0,,,99409.0,34101.0
0,120800,DIVING_GEAR,99413.0,18.0,,,,,99416.0,18.0,,,,,99414.5,33190.0
0,120900,DIVING_GEAR,99419.0,21.0,,,,,99422.0,21.0,,,,,99420.5,32174.0
0,121000,DIVING_GEAR,99419.0,5.0,99418.0,19.0,,,99421.0,5.0,99422.0,19.0,,,99420.0,32258.0
0,121100,DIVING_GEAR,99418.0,7.0,99417.0,13.0,,,99420.0,7.0,99421.0,13.0,,,99419.0,32458.0
0,121200,DIVING_GEAR,99413.0,6.0,99412.0,15.0,,,99415.0,21.0,,,,,99414.0,33324.0
0,121300,DIVING_GEAR,99415.0,18.0,,,,,99418.0,18.0,,,,,99416.5,32906.0
0,121400,DIVING_GEAR,99413.0,21.0,,,,,99416.0,21.0,,,,,99414.5,33165.0
0,121500,DIVING_GEAR,99417.0,26.0,,,,,99420.0,26.0,,,,,99418.5,32531.0
0,121600,DIVING_GEAR,99428.0,24.0,,,,,99431.0,24.0,,,,,99429.5,30700.0
0,121700,DIVING_GEAR,99428.0,27.0,,,,,99430.0,7.0,99431.0,20.0,,,99429.0,30736.0
0,121800,DIVING_GEAR,99419.0,9.0,99418.0,13.0,,,99421.0,9.0,99422.0,13.0,,,99420.0,32302.0
0,121900,DIVING_GEAR,99413.0,17.0,,,,,99416.0,17.0,,,,,99414.5,33204.0
0,122000,DIVING_GEAR,99404.0,23.0,,,,,99407.0,23.0,,,,,99405.5,34731.0
0,122100,DIVING_GEAR,99397.0,6.0,99396.0,18.0,,,99399.0,6.0,99400.0,18.0,,,99398.0,35984.0
0,122200,DIVING_GEAR,99405.0,8.0,99404.0,18.0,,,99407.0,8.0,99408.0,18.0,,,99406.0,34621.0
0,122300,DIVING_GEAR,99406.0,23.0,,,,,99409.0,23.0,,,,,99407.5,34385.0
0,122400,DIVING_GEAR,99397.0,6.0,99396.0,11.0,,,99399.0,6.0,99400.0,11.0,,,99398.0,35976.0
0,122500,DIVING_GEAR,99401.0,6.0,99400.0,10.0,,,99403.0,6.0,99404.0,10.0,,,99402.0,35294.0
0,122600,DIVING_GEAR,99409.0,8.0,99408.0,12.0,,,99411.0,8.0,99412.0,12.0,,,99410.0,33978.0
0,122700,DIVING_GEAR,99406.0,16.0,,,,,99409.0,16.0,,,,,99407.5,34355.0
0,122800,DIVING_GEAR,99402.0,19.0,,,,,99405.0,19.0,,,,,99403.5,35063.0
0,122900,DIVING_GEAR,99400.0,10.0,99399.0,19.0,,,99402.0,10.0,99403.0,19.0,,,99401.0,35418.0
0,123000,DIVING_GEAR,99402.0,4.0,99401.0,10.0,,,99404.0,6.0,99405.0,10.0,,,99403.0,35120.0
0,123100,DIVING_GEAR,99406.0,10.0,99405.0,18.0,,,99408.0,10.0,99409.0,18.0,,,99407.0,34444.0
0,123200,DIVING_GEAR,99413.0,24.0,,,,,99416.0,24.0,,,,,99414.5,33194.0
0,123300,DIVING_GEAR,99421.0,7.0,99420.0,13.0,,,99423.0,7.0,99424.0,13.0,,,99422.0,31912.0
0,123400,DIVING_GEAR,99428.0,20.0,,,,,99431.0,20.0,,,,,99429.5,30660.0
0,123500,DIVING_GEAR,99437.0,9.0,99436.0,19.0,,,99439.0,9.0,99440.0,19.0,,,99438.0,29220.0
0,123600,DIVING_GEAR,99441.0,9.0,99440.0,17.0,,,99443.0,9.0,99444.0,17.0,,,99442.0,28520.0
0,123700,DIVING_GEAR,99431.0,21.0,,,,,99434.0,21.0,,,,,99432.5,30142.0
0,123800,DIVING_GEAR,99430.0,25.0,,,,,99433.0,25.0,,,,,99431.5,30282.0
0,123900,DIVING_GEAR,99432.0,29.0,,,,,99435.0,29.0,,,,,99433.5,29952.0
0,124000,DIVING_GEAR,99430.0,9.0,99429.0,10.0,,,99432.0,9.0,99433.0,10.0,,,99431.0,30358.0
0,124100,DIVING_GEAR,99436.0,9.0,99435.0,10.0,,,99438.0,9.0,99439.0,10.0,,,99437.0,29394.0
0,124200,DIVING_GEAR,99433.0,22.0,,,,,99436.0,22.0,,,,,99434.5,29778.0
0,124300,DIVING_GEAR,99428.0,5.0,99427.0,13.0,,,99430.0,5.0,99431.0,13.0,,,99429.0,30758.0
0,124400,DIVING_GEAR,99437.0,5.0,99436.0,16.0,,,99439.0,5.0,99440.0,16.0,,,99438.0,29232.0
0,124500,DIVING_GEAR,99441.0,8.0,99440.0,12.0,,,99443.0,8.0,99444.0,12.0,,,99442.0,28528.0
0,124600,DIVING_GEAR,99442.0,25.0,,,,,99445.0,25.0,,,,,99443.5,28298.0
0,124700,DIVING_GEAR,99448.0,8.0,99447.0,11.0,,,99450.0,8.0,99451.0,11.0,,,99449.0,27318.0
0,124800,DIVING_GEAR,99455.0,7.0,99454.0,18.0,,,99457.0,7.0,99458.0,18.0,,,99456.0,26194.0
