day,timestamp,product,bid_price_1,bid_volume_1,bid_price_2,bid_volume_2,bid_price_3,bid_volume_3,ask_price_1,ask_volume_1,ask_price_2,ask_volume_2,ask_price_3,ask_volume_3,mid_price,profit_and_loss
0,0,PEARLS,9998.0,1.0,9995.0,30.0,,,10005.0,30.0,,,,,10001.5,0.0
0,100,PEARLS,9996.0,1.0,9995.0,30.0,,,10002.0,6.0,10004.0,1.0,10005.0,30.0,9999.0,2.0
0,200,PEARLS,9996.0,1.0,9995.0,21.0,,,10004.0,1.0,10005.0,21.0,,,10000.0,2.0
0,300,PEARLS,9996.0,2.0,9995.0,23.0,,,9998.0,3.0,10004.0,2.0,10005.0,23.0,9997.0,2.0
0,400,PEARLS,9998.0,5.0,9996.0,2.0,9995.0,23.0,10004.0,2.0,10005.0,23.0,,,10001.0,-4.0
0,500,PEARLS,10002.0,1.0,9996.0,2.0,9995.0,22.0,10004.0,2.0,10005.0,22.0,,,10003.0,-4.0
0,600,PEARLS,9996.0,2.0,9995.0,24.0,,,10002.0,9.0,10004.0,2.0,10005.0,24.0,9999.0,2.0
0,700,PEARLS,9998.0,7.0,9995.0,27.0,,,10005.0,27.0,,,,,10001.5,2.0
0,800,PEARLS,9995.0,26.0,,,,,10005.0,26.0,,,,,10000.0,2.0
0,900,PEARLS,9996.0,2.0,9995.0,27.0,,,10004.0,2.0,10005.0,27.0,,,10000.0,2.0
0,1000,PEARLS,9996.0,2.0,9995.0,26.0,,,10004.0,2.0,10005.0,26.0,,,10000.0,2.0
0,1100,PEARLS,9996.0,2.0,9995.0,23.0,,,10004.0,2.0,10005.0,23.0,,,10000.0,2.0
0,1200,PEARLS,9998.0,9.0,9996.0,2.0,9995.0,28.0,10004.0,2.0,10005.0,28.0,,,10001.0,2.0
0,1300,PEARLS,9996.0,1.0,9995.0,27.0,,,10004.0,1.0,10005.0,27.0,,,10000.0,2.0
0,1400,PEARLS,9996.0,2.0,9995.0,24.0,,,10004.0,2.0,10005.0,24.0,,,10000.0,2.0
0,1500,PEARLS,10002.0,1.0,9996.0,2.0,9995.0,20.0,10004.0,2.0,10005.0,20.0,,,10003.0,2.0
0,1600,PEARLS,9996.0,1.0,9995.0,22.0,,,10004.0,1.0,10005.0,22.0,,,10000.0,4.0
0,1700,PEARLS,9995.0,27.0,,,,,10005.0,27.0,,,,,10000.0,4.0
0,1800,PEARLS,9996.0,2.0,9995.0,25.0,,,10004.0,2.0,10005.0,25.0,,,10000.0,34.0
0,1900,PEARLS,9996.0,2.0,9995.0,29.0,,,10004.0,2.0,10005.0,29.0,,,10000.0,34.0
0,2000,PEARLS,9996.0,1.0,9995.0,25.0,,,10002.0,7.0,10004.0,1.0,10005.0,25.0,9999.0,34.0
0,2100,PEARLS,9995.0,23.0,,,,,10005.0,23.0,,,,,10000.0,34.0
0,2200,PEARLS,9996.0,2.0,9995.0,30.0,,,10004.0,2.0,10005.0,30.0,,,10000.0,34.0
0,2300,PEARLS,9996.0,2.0,9995.0,22.0,,,10004.0,2.0,10005.0,22.0,,,10000.0,34.0
0,2400,PEARLS,9998.0,4.0,9996.0,2.0,9995.0,23.0,10004.0,2.0,10005.0,23.0,,,10001.0,34.0
0,2500,PEARLS,9996.0,1.0,9995.0,20.0,,,10004.0,1.0,10005.0,20.0,,,10000.0,34.0
0,2600,PEARLS,9995.0,25.0,,,,,10005.0,25.0,,,,,10000.0,34.0
0,2700,PEARLS,9998.0,4.0,9996.0,1.0,9995.0,24.0,10004.0,1.0,10005.0,24.0,,,10001.0,24.0
0,2800,PEARLS,9998.0,5.0,9995.0,29.0,,,10005.0,29.0,,,,,10001.5,24.0
0,2900,PEARLS,10002.0,10.0,9996.0,2.0,9995.0,23.0,10004.0,2.0,10005.0,23.0,,,10003.0,22.0
0,3000,PEARLS,9996.0,2.0,9995.0,29.0,,,10004.0,2.0,10005.0,29.0,,,10000.0,22.0
0,3100,PEARLS,9996.0,2.0,9995.0,26.0,,,10004.0,2.0,10005.0,26.0,,,10000.0,22.0
0,3200,PEARLS,9996.0,2.0,9995.0,30.0,,,10002.0,6.0,10004.0,2.0,10005.0,30.0,9999.0,22.0
0,3300,PEARLS,9996.0,2.0,9995.0,26.0,,,10004.0,2.0,10005.0,26.0,,,10000.0,22.0
0,3400,PEARLS,9996.0,2.0,9995.0,27.0,,,10004.0,2.0,10005.0,27.0,,,10000.0,6.0
0,3500,PEARLS,9996.0,2.0,9995.0,28.0,,,10002.0,9.0,10004.0,2.0,10005.0,28.0,9999.0,6.0
0,3600,PEARLS,9995.0,21.0,,,,,9998.0,1.0,10005.0,21.0,,,9996.5,6.0
0,3700,PEARLS,9996.0,2.0,9995.0,29.0,,,10000.0,5.0,10002.0,7.0,10004.0,2.0,9998.0,6.0
0,3800,PEARLS,10002.0,1.0,9996.0,1.0,9995.0,29.0,10004.0,1.0,10005.0,29.0,,,10003.0,6.0
0,3900,PEARLS,9998.0,1.0,9995.0,25.0,,,10005.0,25.0,,,,,10001.5,6.0
0,4000,PEARLS,10002.0,9.0,9996.0,2.0,9995.0,27.0,10004.0,2.0,10005.0,27.0,,,10003.0,6.0
0,4100,PEARLS,9996.0,1.0,9995.0,23.0,,,10004.0,1.0,10005.0,23.0,,,10000.0,6.0
0,4200,PEARLS,9996.0,2.0,9995.0,26.0,,,10004.0,2.0,10005.0,26.0,,,10000.0,6.0
0,4300,PEARLS,9996.0,2.0,9995.0,29.0,,,10004.0,2.0,10005.0,29.0,,,10000.0,6.0
0,4400,PEARLS,9996.0,1.0,9995.0,26.0,,,9998.0,1.0,10004.0,1.0,10005.0,26.0,9997.0,-11.0
0,4500,PEARLS,9995.0,27.0,,,,,10005.0,27.0,,,,,10000.0,-13.0
0,4600,PEARLS,9996.0,1.0,9995.0,21.0,,,10004.0,1.0,10005.0,21.0,,,10000.0,-13.0
0,4700,PEARLS,9998.0,4.0,9996.0,1.0,9995.0,26.0,10004.0,1.0,10005.0,26.0,,,10001.0,-13.0
0,4800,PEARLS,10002.0,3.0,9996.0,1.0,9995.0,24.0,10004.0,1.0,10005.0,24.0,,,10003.0,-13.0
0,4900,PEARLS,9995.0,22.0,,,,,9998.0,4.0,10005.0,22.0,,,9996.5,-9.0
0,5000,PEARLS,9998.0,3.0,9996.0,1.0,9995.0,22.0,10004.0,1.0,10005.0,22.0,,,10001.0,-17.0
0,5100,PEARLS,10002.0,1.0,9998.0,9.0,9995.0,25.0,10005.0,25.0,,,,,10003.5,-17.0
0,5200,PEARLS,9996.0,2.0,9995.0,22.0,,,10004.0,2.0,10005.0,22.0,,,10000.0,-17.0
0,5300,PEARLS,9995.0,25.0,,,,,10005.0,25.0,,,,,10000.0,-17.0
0,5400,PEARLS,9995.0,27.0,,,,,10000.0,6.0,10002.0,8.0,10005.0,27.0,9997.5,-17.0
0,5500,PEARLS,9996.0,1.0,9995.0,29.0,,,10004.0,1.0,10005.0,29.0,,,10000.0,-17.0
0,5600,PEARLS,10002.0,1.0,9998.0,8.0,9996.0,1.0,10004.0,1.0,10005.0,26.0,,,10003.0,-17.0
0,5700,PEARLS,9998.0,4.0,9996.0,2.0,9995.0,23.0,10004.0,2.0,10005.0,23.0,,,10001.0,-17.0
0,5800,PEARLS,10002.0,1.0,9998.0,10.0,9995.0,24.0,10005.0,24.0,,,,,10003.5,-17.0
0,5900,PEARLS,10000.0,5.0,9996.0,1.0,9995.0,20.0,10004.0,1.0,10005.0,20.0,,,10002.0,-17.0
0,6000,PEARLS,9996.0,2.0,9995.0,22.0,,,9998.0,4.0,10004.0,2.0,10005.0,22.0,9997.0,-17.0
0,6100,PEARLS,9996.0,1.0,9995.0,24.0,,,10000.0,5.0,10002.0,2.0,10004.0,1.0,9998.0,-17.0
0,6200,PEARLS,9996.0,1.0,9995.0,29.0,,,10004.0,1.0,10005.0,29.0,,,10000.0,-17.0
0,6300,PEARLS,9995.0,25.0,,,,,10005.0,25.0,,,,,10000.0,-17.0
0,6400,PEARLS,10000.0,4.0,9995.0,23.0,,,10005.0,23.0,,,,,10002.5,-17.0
0,6500,PEARLS,9995.0,20.0,,,,,10005.0,20.0,,,,,10000.0,-17.0
0,6600,PEARLS,9996.0,1.0,9995.0,26.0,,,10004.0,1.0,10005.0,26.0,,,10000.0,-17.0
0,6700,PEARLS,10002.0,4.0,9996.0,2.0,9995.0,26.0,10004.0,2.0,10005.0,26.0,,,10003.0,-17.0
0,6800,PEARLS,9998.0,1.0,9996.0,1.0,9995.0,23.0,10004.0,1.0,10005.0,23.0,,,10001.0,-9.0
0,6900,PEARLS,9995.0,28.0,,,,,10005.0,28.0,,,,,10000.0,-19.0
0,7000,PEARLS,10000.0,6.0,9998.0,7.0,9996.0,2.0,10004.0,2.0,10005.0,27.0,,,10002.0,-19.0
0,7100,PEARLS,9996.0,1.0,9995.0,29.0,,,10004.0,1.0,10005.0,29.0,,,10000.0,-19.0
0,7200,PEARLS,9996.0,2.0,9995.0,21.0,,,10004.0,2.0,10005.0,21.0,,,10000.0,-19.0
0,7300,PEARLS,9996.0,2.0,9995.0,23.0,,,10002.0,4.0,10004.0,2.0,10005.0,23.0,9999.0,-15.0
0,7400,PEARLS,10002.0,1.0,9996.0,2.0,9995.0,28.0,10004.0,2.0,10005.0,28.0,,,10003.0,-15.0
0,7500,PEARLS,9995.0,29.0,,,,,10005.0,29.0,,,,,10000.0,-13.0
0,7600,PEARLS,9996.0,2.0,9995.0,24.0,,,10004.0,2.0,10005.0,24.0,,,10000.0,-13.0
0,7700,PEARLS,9995.0,28.0,,,,,10005.0,28.0,,,,,10000.0,-13.0
0,7800,PEARLS,9996.0,1.0,9995.0,22.0,,,10004.0,1.0,10005.0,22.0,,,10000.0,-8.0
0,7900,PEARLS,9996.0,1.0,9995.0,25.0,,,10002.0,4.0,10004.0,1.0,10005.0,25.0,9999.0,-6.0
0,8000,PEARLS,9996.0,1.0,9995.0,22.0,,,10004.0,1.0,10005.0,22.0,,,10000.0,-6.0
0,8100,PEARLS,9995.0,22.0,,,,,10005.0,22.0,,,,,10000.0,-6.0
0,8200,PEARLS,9995.0,20.0,,,,,9998.0,1.0,10002.0,2.0,10005.0,20.0,9996.5,-6.0
0,8300,PEARLS,10002.0,1.0,9998.0,6.0,9996.0,1.0,10004.0,1.0,10005.0,26.0,,,10003.0,-8.0
0,8400,PEARLS,9995.0,26.0,,,,,10005.0,26.0,,,,,10000.0,-8.0
0,8500,PEARLS,9995.0,30.0,,,,,10005.0,30.0,,,,,10000.0,-8.0
0,8600,PEARLS,9996.0,1.0,9995.0,22.0,,,10004.0,1.0,10005.0,22.0,,,10000.0,-8.0
0,8700,PEARLS,9996.0,1.0,9995.0,29.0,,,10004.0,1.0,10005.0,29.0,,,10000.0,-8.0
0,8800,PEARLS,9995.0,23.0,,,,,9998.0,12.0,10005.0,23.0,,,9996.5,-8.0
0,8900,PEARLS,10002.0,5.0,9996.0,1.0,9995.0,26.0,10004.0,1.0,10005.0,26.0,,,10003.0,-8.0
0,9000,PEARLS,9995.0,23.0,,,,,10002.0,7.0,10005.0,23.0,,,9998.5,2.0
0,9100,PEARLS,9996.0,1.0,9995.0,30.0,,,10004.0,1.0,10005.0,30.0,,,10000.0,2.0
0,9200,PEARLS,9995.0,24.0,,,,,10002.0,3.0,10005.0,24.0,,,9998.5,2.0
0,9300,PEARLS,9995.0,23.0,,,,,10005.0,23.0,,,,,10000.0,2.0
0,9400,PEARLS,9996.0,2.0,9995.0,22.0,,,10004.0,2.0,10005.0,22.0,,,10000.0,2.0
0,9500,PEARLS,9998.0,9.0,9996.0,1.0,9995.0,28.0,10004.0,1.0,10005.0,28.0,,,10001.0,2.0
0,9600,PEARLS,9995.0,20.0,,,,,10005.0,20.0,,,,,10000.0,2.0
0,9700,PEARLS,9998.0,3.0,9995.0,25.0,,,10005.0,25.0,,,,,10001.5,2.0
0,9800,PEARLS,9995.0,21.0,,,,,10002.0,5.0,10005.0,21.0,,,9998.5,2.0
0,9900,PEARLS,9995.0,22.0,,,,,10005.0,22.0,,,,,10000.0,2.0
0,10000,PEARLS,9998.0,8.0,9996.0,2.0,9995.0,29.0,10004.0,2.0,10005.0,29.0,,,10001.0,2.0
0,10100,PEARLS,9995.0,22.0,,,,,10005.0,22.0,,,,,10000.0,2.0
0,10200,PEARLS,9996.0,2.0,9995.0,23.0,,,10004.0,2.0,10005.0,23.0,,,10000.0,2.0
0,10300,PEARLS,9996.0,2.0,9995.0,20.0,,,10004.0,2.0,10005.0,20.0,,,10000.0,2.0
0,10400,PEARLS,9995.0,30.0,,,,,10005.0,30.0,,,,,10000.0,10.0
0,10500,PEARLS,9998.0,4.0,9996.0,1.0,9995.0,27.0,10004.0,1.0,10005.0,27.0,,,10001.0,10.0
0,10600,PEARLS,9995.0,23.0,,,,,9998.0,2.0,10002.0,6.0,10005.0,23.0,9996.5,10.0
0,10700,PEARLS,9998.0,1.0,9995.0,23.0,,,10005.0,23.0,,,,,10001.5,6.0
0,10800,PEARLS,10002.0,1.0,9998.0,4.0,9995.0,23.0,10005.0,23.0,,,,,10003.5,6.0
0,10900,PEARLS,9996.0,1.0,9995.0,29.0,,,10004.0,1.0,10005.0,29.0,,,10000.0,8.0
0,11000,PEARLS,9996.0,1.0,9995.0,29.0,,,10004.0,1.0,10005.0,29.0,,,10000.0,8.0
0,11100,PEARLS,9996.0,2.0,9995.0,29.0,,,10002.0,4.0,10004.0,2.0,10005.0,29.0,9999.0,8.0
0,11200,PEARLS,10002.0,1.0,9996.0,1.0,9995.0,28.0,10004.0,1.0,10005.0,28.0,,,10003.0,0.0
0,11300,PEARLS,9996.0,1.0,9995.0,26.0,,,10004.0,1.0,10005.0,26.0,,,10000.0,0.0
0,11400,PEARLS,9998.0,2.0,9996.0,1.0,9995.0,23.0,10004.0,1.0,10005.0,23.0,,,10001.0,-2.0
0,11500,PEARLS,9998.0,1.0,9996.0,1.0,9995.0,28.0,10004.0,1.0,10005.0,28.0,,,10001.0,-2.0
0,11600,PEARLS,9995.0,26.0,,,,,10005.0,26.0,,,,,10000.0,-2.0
0,11700,PEARLS,9996.0,1.0,9995.0,21.0,,,10004.0,1.0,10005.0,21.0,,,10000.0,-2.0
0,11800,PEARLS,9995.0,21.0,,,,,10005.0,21.0,,,,,10000.0,-2.0
0,11900,PEARLS,9995.0,25.0,,,,,10005.0,25.0,,,,,10000.0,-2.0
0,12000,PEARLS,9995.0,25.0,,,,,10005.0,25.0,,,,,10000.0,-2.0
0,12100,PEARLS,9996.0,2.0,9995.0,20.0,,,10002.0,3.0,10004.0,2.0,10005.0,20.0,9999.0,0.0
0,12200,PEARLS,9998.0,10.0,9996.0,2.0,9995.0,26.0,10004.0,2.0,10005.0,26.0,,,10001.0,0.0
0,12300,PEARLS,9996.0,1.0,9995.0,23.0,,,10000.0,5.0,10004.0,1.0,10005.0,23.0,9998.0,2.0
0,12400,PEARLS,9996.0,1.0,9995.0,29.0,,,10004.0,1.0,10005.0,29.0,,,10000.0,2.0
0,12500,PEARLS,10002.0,5.0,9996.0,2.0,9995.0,29.0,10004.0,2.0,10005.0,29.0,,,10003.0,2.0
0,12600,PEARLS,9998.0,5.0,9996.0,1.0,9995.0,30.0,10004.0,1.0,10005.0,30.0,,,10001.0,12.0
0,12700,PEARLS,9996.0,2.0,9995.0,29.0,,,10004.0,2.0,10005.0,29.0,,,10000.0,12.0
0,12800,PEARLS,9996.0,1.0,9995.0,30.0,,,10002.0,3.0,10004.0,1.0,10005.0,30.0,9999.0,12.0
0,12900,PEARLS,9995.0,24.0,,,,,10005.0,24.0,,,,,10000.0,12.0
0,13000,PEARLS,9995.0,27.0,,,,,10005.0,27.0,,,,,10000.0,12.0
0,13100,PEARLS,9996.0,2.0,9995.0,28.0,,,10004.0,2.0,10005.0,28.0,,,10000.0,12.0
0,13200,PEARLS,9995.0,28.0,,,,,10005.0,28.0,,,,,10000.0,12.0
0,13300,PEARLS,9996.0,2.0,9995.0,26.0,,,10004.0,2.0,10005.0,26.0,,,10000.0,12.0
0,13400,PEARLS,10002.0,1.0,9996.0,1.0,9995.0,25.0,10004.0,1.0,10005.0,25.0,,,10003.0,12.0
0,13500,PEARLS,9996.0,1.0,9995.0,29.0,,,10002.0,9.0,10004.0,1.0,10005.0,29.0,9999.0,12.0
0,13600,PEARLS,9996.0,2.0,9995.0,23.0,,,10004.0,2.0,10005.0,23.0,,,10000.0,12.0
0,13700,PEARLS,10000.0,2.0,9996.0,2.0,9995.0,28.0,10002.0,7.0,10004.0,2.0,10005.0,28.0,10001.0,10.0
0,13800,PEARLS,9996.0,1.0,9995.0,24.0,,,10004.0,1.0,10005.0,24.0,,,10000.0,10.0
0,13900,PEARLS,9995.0,20.0,,,,,10002.0,2.0,10005.0,20.0,,,9998.5,10.0
0,14000,PEARLS,9996.0,1.0,9995.0,26.0,,,10004.0,1.0,10005.0,26.0,,,10000.0,10.0
0,14100,PEARLS,10000.0,3.0,9996.0,2.0,9995.0,22.0,10004.0,2.0,10005.0,22.0,,,10002.0,6.0
0,14200,PEARLS,9996.0,2.0,9995.0,22.0,,,10004.0,2.0,10005.0,22.0,,,10000.0,6.0
0,14300,PEARLS,9996.0,2.0,9995.0,28.0,,,10004.0,2.0,10005.0,28.0,,,10000.0,6.0
0,14400,PEARLS,9998.0,9.0,9996.0,1.0,9995.0,22.0,10004.0,1.0,10005.0,22.0,,,10001.0,6.0
0,14500,PEARLS,9996.0,1.0,9995.0,22.0,,,10000.0,2.0,10004.0,1.0,10005.0,22.0,9998.0,6.0
0,14600,PEARLS,9995.0,21.0,,,,,10002.0,3.0,10005.0,21.0,,,9998.5,6.0
0,14700,PEARLS,9998.0,5.0,9996.0,2.0,9995.0,24.0,10004.0,2.0,10005.0,24.0,,,10001.0,6.0
0,14800,PEARLS,9996.0,2.0,9995.0,21.0,,,10004.0,2.0,10005.0,21.0,,,10000.0,6.0
0,14900,PEARLS,9996.0,2.0,9995.0,28.0,,,10002.0,8.0,10004.0,2.0,10005.0,28.0,9999.0,6.0
0,15000,PEARLS,9996.0,1.0,9995.0,22.0,,,10004.0,1.0,10005.0,22.0,,,10000.0,6.0
0,15100,PEARLS,10002.0,1.0,9996.0,1.0,9995.0,25.0,10004.0,1.0,10005.0,25.0,,,10003.0,6.0
0,15200,PEARLS,9998.0,3.0,9996.0,2.0,9995.0,23.0,10000.0,4.0,10004.0,2.0,10005.0,23.0,9999.0,8.0
0,15300,PEARLS,9998.0,3.0,9996.0,2.0,9995.0,22.0,10004.0,2.0,10005.0,22.0,,,10001.0,8.0
0,15400,PEARLS,9996.0,2.0,9995.0,24.0,,,10002.0,4.0,10004.0,2.0,10005.0,24.0,9999.0,10.0
0,15500,PEARLS,9998.0,5.0,9995.0,20.0,,,10005.0,20.0,,,,,10001.5,10.0
0,15600,PEARLS,9996.0,1.0,9995.0,23.0,,,10004.0,1.0,10005.0,23.0,,,10000.0,10.0
0,15700,PEARLS,9996.0,2.0,9995.0,20.0,,,10004.0,2.0,10005.0,20.0,,,10000.0,10.0
0,15800,PEARLS,9998.0,5.0,9996.0,2.0,9995.0,24.0,10004.0,2.0,10005.0,24.0,,,10001.0,2.0
0,15900,PEARLS,9998.0,10.0,9995.0,27.0,,,10005.0,27.0,,,,,10001.5,2.0
0,16000,PEARLS,9996.0,2.0,9995.0,25.0,,,10002.0,7.0,10004.0,2.0,10005.0,25.0,9999.0,2.0
0,16100,PEARLS,9998.0,4.0,9995.0,29.0,,,10005.0,29.0,,,,,10001.5,2.0
0,16200,PEARLS,9995.0,21.0,,,,,10005.0,21.0,,,,,10000.0,2.0
0,16300,PEARLS,9996.0,2.0,9995.0,29.0,,,10002.0,2.0,10004.0,2.0,10005.0,29.0,9999.0,2.0
0,16400,PEARLS,9996.0,2.0,9995.0,22.0,,,9998.0,1.0,10004.0,2.0,10005.0,22.0,9997.0,2.0
0,16500,PEARLS,9996.0,2.0,9995.0,25.0,,,10004.0,2.0,10005.0,25.0,,,10000.0,2.0
0,16600,PEARLS,9996.0,2.0,9995.0,23.0,,,10004.0,2.0,10005.0,23.0,,,10000.0,2.0
0,16700,PEARLS,10002.0,3.0,9996.0,1.0,9995.0,23.0,10004.0,1.0,10005.0,23.0,,,10003.0,2.0
0,16800,PEARLS,9996.0,2.0,9995.0,30.0,,,10002.0,5.0,10004.0,2.0,10005.0,30.0,9999.0,2.0
0,16900,PEARLS,9996.0,1.0,9995.0,23.0,,,10004.0,1.0,10005.0,23.0,,,10000.0,6.0
0,17000,PEARLS,9995.0,23.0,,,,,10005.0,23.0,,,,,10000.0,6.0
0,17100,PEARLS,9998.0,6.0,9996.0,1.0,9995.0,30.0,10004.0,1.0,10005.0,30.0,,,10001.0,6.0
0,17200,PEARLS,9998.0,6.0,9996.0,2.0,9995.0,24.0,10004.0,2.0,10005.0,24.0,,,10001.0,6.0
0,17300,PEARLS,9995.0,28.0,,,,,9998.0,1.0,10002.0,3.0,10005.0,28.0,9996.5,6.0
0,17400,PEARLS,9996.0,1.0,9995.0,24.0,,,10004.0,1.0,10005.0,24.0,,,10000.0,4.0
0,17500,PEARLS,9996.0,1.0,9995.0,23.0,,,10004.0,1.0,10005.0,23.0,,,10000.0,4.0
0,17600,PEARLS,9995.0,27.0,,,,,10005.0,27.0,,,,,10000.0,4.0
0,17700,PEARLS,9996.0,1.0,9995.0,23.0,,,10004.0,1.0,10005.0,23.0,,,10000.0,4.0
0,17800,PEARLS,9995.0,23.0,,,,,10005.0,23.0,,,,,10000.0,4.0
0,17900,PEARLS,9998.0,8.0,9996.0,1.0,9995.0,29.0,10004.0,1.0,10005.0,29.0,,,10001.0,4.0
0,18000,PEARLS,9998.0,7.0,9996.0,2.0,9995.0,26.0,10004.0,2.0,10005.0,26.0,,,10001.0,4.0
0,18100,PEARLS,9995.0,21.0,,,,,10005.0,21.0,,,,,10000.0,4.0
0,18200,PEARLS,9996.0,1.0,9995.0,23.0,,,10004.0,1.0,10005.0,23.0,,,10000.0,4.0
0,18300,PEARLS,9996.0,2.0,9995.0,27.0,,,10004.0,2.0,10005.0,27.0,,,10000.0,4.0
0,18400,PEARLS,9996.0,1.0,9995.0,29.0,,,10004.0,1.0,10005.0,29.0,,,10000.0,4.0
0,18500,PEARLS,9998.0,3.0,9996.0,2.0,9995.0,30.0,10004.0,2.0,10005.0,30.0,,,10001.0,4.0
0,18600,PEARLS,9996.0,1.0,9995.0,30.0,,,10002.0,9.0,10004.0,1.0,10005.0,30.0,9999.0,6.0
0,18700,PEARLS,10002.0,9.0,9996.0,2.0,9995.0,25.0,10004.0,2.0,10005.0,25.0,,,10003.0,6.0
0,18800,PEARLS,9996.0,2.0,9995.0,22.0,,,10004.0,2.0,10005.0,22.0,,,10000.0,6.0
0,18900,PEARLS,9996.0,1.0,9995.0,27.0,,,10004.0,1.0,10005.0,27.0,,,10000.0,6.0
0,19000,PEARLS,9995.0,25.0,,,,,10002.0,7.0,10005.0,25.0,,,9998.5,10.0
0,19100,PEARLS,9996.0,1.0,9995.0,28.0,,,10000.0,5.0,10004.0,1.0,10005.0,28.0,9998.0,10.0
0,19200,PEARLS,9996.0,1.0,9995.0,28.0,,,10002.0,7.0,10004.0,1.0,10005.0,28.0,9999.0,10.0
0,19300,PEARLS,9996.0,2.0,9995.0,30.0,,,10004.0,2.0,10005.0,30.0,,,10000.0,10.0
0,19400,PEARLS,9996.0,1.0,9995.0,20.0,,,10002.0,3.0,10004.0,1.0,10005.0,20.0,9999.0,10.0
0,19500,PEARLS,9996.0,2.0,9995.0,20.0,,,10004.0,2.0,10005.0,20.0,,,10000.0,10.0
0,19600,PEARLS,9996.0,2.0,9995.0,29.0,,,10004.0,2.0,10005.0,29.0,,,10000.0,10.0
0,19700,PEARLS,9996.0,1.0,9995.0,24.0,,,10002.0,2.0,10004.0,1.0,10005.0,24.0,9999.0,10.0
0,19800,PEARLS,10002.0,4.0,9995.0,20.0,,,10005.0,20.0,,,,,10003.5,10.0
0,19900,PEARLS,9996.0,1.0,9995.0,27.0,,,10004.0,1.0,10005.0,27.0,,,10000.0,10.0
0,20000,PEARLS,9996.0,1.0,9995.0,28.0,,,10002.0,4.0,10004.0,1.0,10005.0,28.0,9999.0,10.0
0,20100,PEARLS,9998.0,9.0,9996.0,2.0,9995.0,29.0,10004.0,2.0,10005.0,29.0,,,10001.0,8.0
0,20200,PEARLS,9995.0,29.0,,,,,10005.0,29.0,,,,,10000.0,8.0
0,20300,PEARLS,9996.0,2.0,9995.0,21.0,,,10004.0,2.0,10005.0,21.0,,,10000.0,8.0
0,20400,PEARLS,9995.0,24.0,,,,,10005.0,24.0,,,,,10000.0,8.0
0,20500,PEARLS,9995.0,30.0,,,,,10005.0,30.0,,,,,10000.0,8.0
0,20600,PEARLS,9996.0,2.0,9995.0,21.0,,,10004.0,2.0,10005.0,21.0,,,10000.0,8.0
0,20700,PEARLS,9996.0,1.0,9995.0,30.0,,,10002.0,6.0,10004.0,1.0,10005.0,30.0,9999.0,12.0
0,20800,PEARLS,9996.0,2.0,9995.0,23.0,,,10004.0,2.0,10005.0,23.0,,,10000.0,12.0
0,20900,PEARLS,9996.0,1.0,9995.0,23.0,,,10004.0,1.0,10005.0,23.0,,,10000.0,12.0
0,21000,PEARLS,9995.0,27.0,,,,,10005.0,27.0,,,,,10000.0,16.0
0,21100,PEARLS,9998.0,1.0,9996.0,2.0,9995.0,28.0,10004.0,2.0,10005.0,28.0,,,10001.0,16.0
0,21200,PEARLS,9995.0,23.0,,,,,10005.0,23.0,,,,,10000.0,12.0
0,21300,PEARLS,9995.0,29.0,,,,,10005.0,29.0,,,,,10000.0,12.0
0,21400,PEARLS,9995.0,30.0,,,,,10005.0,30.0,,,,,10000.0,12.0
0,21500,PEARLS,9996.0,2.0,9995.0,22.0,,,10004.0,2.0,10005.0,22.0,,,10000.0,12.0
0,21600,PEARLS,10002.0,1.0,9995.0,29.0,,,10005.0,29.0,,,,,10003.5,12.0
0,21700,PEARLS,9996.0,1.0,9995.0,30.0,,,10002.0,10.0,10004.0,1.0,10005.0,30.0,9999.0,14.0
0,21800,PEARLS,9998.0,6.0,9996.0,1.0,9995.0,28.0,10004.0,1.0,10005.0,28.0,,,10001.0,14.0
0,21900,PEARLS,9996.0,2.0,9995.0,28.0,,,10004.0,2.0,10005.0,28.0,,,10000.0,14.0
0,22000,PEARLS,9996.0,1.0,9995.0,23.0,,,10000.0,2.0,10004.0,1.0,10005.0,23.0,9998.0,10.0
0,22100,PEARLS,9996.0,2.0,9995.0,23.0,,,10004.0,2.0,10005.0,23.0,,,10000.0,10.0
0,22200,PEARLS,9996.0,1.0,9995.0,27.0,,,10002.0,4.0,10004.0,1.0,10005.0,27.0,9999.0,6.0
0,22300,PEARLS,9996.0,1.0,9995.0,29.0,,,10004.0,1.0,10005.0,29.0,,,10000.0,6.0
0,22400,PEARLS,10002.0,2.0,9996.0,2.0,9995.0,24.0,10004.0,2.0,10005.0,24.0,,,10003.0,8.0
0,22500,PEARLS,10002.0,6.0,9995.0,27.0,,,10005.0,27.0,,,,,10003.5,12.0
0,22600,PEARLS,9996.0,1.0,9995.0,26.0,,,10002.0,9.0,10004.0,1.0,10005.0,26.0,9999.0,24.0
0,22700,PEARLS,9995.0,28.0,,,,,10005.0,28.0,,,,,10000.0,24.0
0,22800,PEARLS,9996.0,1.0,9995.0,29.0,,,9998.0,3.0,10004.0,1.0,10005.0,29.0,9997.0,24.0
0,22900,PEARLS,9996.0,2.0,9995.0,24.0,,,9998.0,1.0,10004.0,2.0,10005.0,24.0,9997.0,24.0
0,23000,PEARLS,9998.0,3.0,9996.0,2.0,9995.0,24.0,10004.0,2.0,10005.0,24.0,,,10001.0,24.0
0,23100,PEARLS,9996.0,1.0,9995.0,23.0,,,10002.0,10.0,10004.0,1.0,10005.0,23.0,9999.0,24.0
0,23200,PEARLS,9995.0,26.0,,,,,9998.0,1.0,10002.0,10.0,10005.0,26.0,9996.5,24.0
0,23300,PEARLS,9995.0,22.0,,,,,10005.0,22.0,,,,,10000.0,22.0
0,23400,PEARLS,9998.0,6.0,9995.0,21.0,,,10005.0,21.0,,,,,10001.5,22.0
0,23500,PEARLS,9996.0,2.0,9995.0,26.0,,,10004.0,2.0,10005.0,26.0,,,10000.0,22.0
0,23600,PEARLS,9995.0,21.0,,,,,10002.0,6.0,10005.0,21.0,,,9998.5,22.0
0,23700,PEARLS,9995.0,24.0,,,,,10005.0,24.0,,,,,10000.0,22.0
0,23800,PEARLS,9996.0,2.0,9995.0,21.0,,,10004.0,2.0,10005.0,21.0,,,10000.0,22.0
0,23900,PEARLS,9995.0,20.0,,,,,10005.0,20.0,,,,,10000.0,22.0
0,24000,PEARLS,9996.0,1.0,9995.0,22.0,,,10002.0,6.0,10004.0,1.0,10005.0,22.0,9999.0,22.0
0,24100,PEARLS,9996.0,2.0,9995.0,24.0,,,10004.0,2.0,10005.0,24.0,,,10000.0,22.0
0,24200,PEARLS,9998.0,4.0,9996.0,2.0,9995.0,25.0,10004.0,2.0,10005.0,25.0,,,10001.0,20.0
0,24300,PEARLS,10002.0,6.0,9996.0,2.0,9995.0,21.0,10004.0,2.0,10005.0,21.0,,,10003.0,20.0
0,24400,PEARLS,9995.0,25.0,,,,,10005.0,25.0,,,,,10000.0,32.0
0,24500,PEARLS,9995.0,21.0,,,,,9998.0,2.0,10002.0,7.0,10005.0,21.0,9996.5,32.0
0,24600,PEARLS,9996.0,1.0,9995.0,26.0,,,10004.0,1.0,10005.0,26.0,,,10000.0,28.0
0,24700,PEARLS,9996.0,2.0,9995.0,20.0,,,10004.0,2.0,10005.0,20.0,,,10000.0,28.0
0,24800,PEARLS,9996.0,2.0,9995.0,26.0,,,10004.0,2.0,10005.0,26.0,,,10000.0,32.0
0,24900,PEARLS,9998.0,5.0,9996.0,2.0,9995.0,28.0,10004.0,2.0,10005.0,28.0,,,10001.0,32.0
0,25000,PEARLS,9996.0,1.0,9995.0,26.0,,,10002.0,1.0,10004.0,1.0,10005.0,26.0,9999.0,32.0
0,25100,PEARLS,9995.0,23.0,,,,,10005.0,23.0,,,,,10000.0,32.0
0,25200,PEARLS,9996.0,2.0,9995.0,24.0,,,10004.0,2.0,10005.0,24.0,,,10000.0,42.0
0,25300,PEARLS,9996.0,2.0,9995.0,24.0,,,10002.0,1.0,10004.0,2.0,10005.0,24.0,9999.0,42.0
0,25400,PEARLS,9998.0,2.0,9996.0,2.0,9995.0,30.0,10004.0,2.0,10005.0,30.0,,,10001.0,38.0
0,25500,PEARLS,9998.0,3.0,9996.0,2.0,9995.0,23.0,10004.0,2.0,10005.0,23.0,,,10001.0,42.0
0,25600,PEARLS,9996.0,1.0,9995.0,30.0,,,10004.0,1.0,10005.0,30.0,,,10000.0,42.0
0,25700,PEARLS,9996.0,1.0,9995.0,22.0,,,10004.0,1.0,10005.0,22.0,,,10000.0,42.0
0,25800,PEARLS,9996.0,1.0,9995.0,27.0,,,10004.0,1.0,10005.0,27.0,,,10000.0,42.0
0,25900,PEARLS,9995.0,28.0,,,,,10005.0,28.0,,,,,10000.0,42.0
0,26000,PEARLS,9995.0,24.0,,,,,10002.0,7.0,10005.0,24.0,,,9998.5,42.0
0,26100,PEARLS,9995.0,25.0,,,,,10002.0,7.0,10005.0,25.0,,,9998.5,42.0
0,26200,PEARLS,9996.0,1.0,9995.0,25.0,,,10004.0,1.0,10005.0,25.0,,,10000.0,42.0
0,26300,PEARLS,9995.0,24.0,,,,,10005.0,24.0,,,,,10000.0,42.0
0,26400,PEARLS,10002.0,3.0,9995.0,29.0,,,10005.0,29.0,,,,,10003.5,42.0
0,26500,PEARLS,9996.0,1.0,9995.0,23.0,,,10002.0,4.0,10004.0,1.0,10005.0,23.0,9999.0,42.0
0,26600,PEARLS,10002.0,3.0,9998.0,1.0,9996.0,1.0,10004.0,1.0,10005.0,21.0,,,10003.0,46.0
0,26700,PEARLS,9995.0,24.0,,,,,10000.0,6.0,10005.0,24.0,,,9997.5,52.0
0,26800,PEARLS,9995.0,24.0,,,,,10005.0,24.0,,,,,10000.0,52.0
0,26900,PEARLS,9995.0,27.0,,,,,9998.0,1.0,10002.0,5.0,10005.0,27.0,9996.5,52.0
0,27000,PEARLS,9996.0,1.0,9995.0,30.0,,,10002.0,7.0,10004.0,1.0,10005.0,30.0,9999.0,50.0
0,27100,PEARLS,9996.0,2.0,9995.0,22.0,,,10002.0,7.0,10004.0,2.0,10005.0,22.0,9999.0,50.0
0,27200,PEARLS,9998.0,2.0,9996.0,2.0,9995.0,29.0,10004.0,2.0,10005.0,29.0,,,10001.0,50.0
0,27300,PEARLS,10000.0,5.0,9996.0,2.0,9995.0,25.0,10004.0,2.0,10005.0,25.0,,,10002.0,50.0
0,27400,PEARLS,9996.0,1.0,9995.0,24.0,,,10004.0,1.0,10005.0,24.0,,,10000.0,50.0
0,27500,PEARLS,9996.0,2.0,9995.0,24.0,,,10002.0,10.0,10004.0,2.0,10005.0,24.0,9999.0,54.0
0,27600,PEARLS,9996.0,1.0,9995.0,22.0,,,9998.0,1.0,10004.0,1.0,10005.0,22.0,9997.0,54.0
0,27700,PEARLS,9996.0,2.0,9995.0,24.0,,,10004.0,2.0,10005.0,24.0,,,10000.0,52.0
0,27800,PEARLS,9995.0,28.0,,,,,10005.0,28.0,,,,,10000.0,28.0
0,27900,PEARLS,9996.0,1.0,9995.0,25.0,,,9998.0,4.0,10004.0,1.0,10005.0,25.0,9997.0,28.0
0,28000,PEARLS,9995.0,24.0,,,,,10002.0,9.0,10005.0,24.0,,,9998.5,20.0
0,28100,PEARLS,9995.0,22.0,,,,,10005.0,22.0,,,,,10000.0,22.0
0,28200,PEARLS,9996.0,1.0,9995.0,29.0,,,10004.0,1.0,10005.0,29.0,,,10000.0,17.0
0,28300,PEARLS,9996.0,1.0,9995.0,23.0,,,10002.0,7.0,10004.0,1.0,10005.0,23.0,9999.0,17.0
0,28400,PEARLS,9995.0,21.0,,,,,10002.0,9.0,10005.0,21.0,,,9998.5,17.0
0,28500,PEARLS,9996.0,1.0,9995.0,30.0,,,10004.0,1.0,10005.0,30.0,,,10000.0,17.0
0,28600,PEARLS,9998.0,7.0,9996.0,2.0,9995.0,29.0,10004.0,2.0,10005.0,29.0,,,10001.0,17.0
0,28700,PEARLS,9996.0,1.0,9995.0,24.0,,,10004.0,1.0,10005.0,24.0,,,10000.0,17.0
0,28800,PEARLS,9996.0,2.0,9995.0,20.0,,,10004.0,2.0,10005.0,20.0,,,10000.0,-15.0
0,28900,PEARLS,9995.0,22.0,,,,,10005.0,22.0,,,,,10000.0,-15.0
0,29000,PEARLS,9995.0,24.0,,,,,10005.0,24.0,,,,,10000.0,-15.0
0,29100,PEARLS,9998.0,9.0,9996.0,2.0,9995.0,29.0,10004.0,2.0,10005.0,29.0,,,10001.0,-10.0
0,29200,PEARLS,9995.0,20.0,,,,,10002.0,3.0,10005.0,20.0,,,9998.5,-6.0
0,29300,PEARLS,9995.0,25.0,,,,,10005.0,25.0,,,,,10000.0,-6.0
0,29400,PEARLS,9996.0,1.0,9995.0,23.0,,,10004.0,1.0,10005.0,23.0,,,10000.0,-6.0
0,29500,PEARLS,10002.0,1.0,9996.0,2.0,9995.0,22.0,10004.0,2.0,10005.0,22.0,,,10003.0,-6.0
0,29600,PEARLS,9995.0,20.0,,,,,9998.0,1.0,10005.0,20.0,,,9996.5,-6.0
0,29700,PEARLS,9996.0,1.0,9995.0,26.0,,,10004.0,1.0,10005.0,26.0,,,10000.0,-6.0
0,29800,PEARLS,9998.0,7.0,9996.0,1.0,9995.0,29.0,10004.0,1.0,10005.0,29.0,,,10001.0,-6.0
0,29900,PEARLS,9998.0,8.0,9996.0,1.0,9995.0,26.0,10000.0,2.0,10004.0,1.0,10005.0,26.0,9999.0,2.0
0,30000,PEARLS,9996.0,1.0,9995.0,20.0,,,10002.0,7.0,10004.0,1.0,10005.0,20.0,9999.0,2.0
0,30100,PEARLS,9995.0,22.0,,,,,10000.0,5.0,10005.0,22.0,,,9997.5,2.0
0,30200,PEARLS,9996.0,2.0,9995.0,22.0,,,10004.0,2.0,10005.0,22.0,,,10000.0,2.0
0,30300,PEARLS,9996.0,2.0,9995.0,28.0,,,10002.0,7.0,10004.0,2.0,10005.0,28.0,9999.0,2.0
0,30400,PEARLS,9996.0,2.0,9995.0,21.0,,,10004.0,2.0,10005.0,21.0,,,10000.0,2.0
0,30500,PEARLS,9996.0,1.0,9995.0,28.0,,,10004.0,1.0,10005.0,28.0,,,10000.0,2.0
0,30600,PEARLS,9995.0,30.0,,,,,10005.0,30.0,,,,,10000.0,2.0
0,30700,PEARLS,9996.0,1.0,9995.0,22.0,,,10004.0,1.0,10005.0,22.0,,,10000.0,2.0
0,30800,PEARLS,9995.0,29.0,,,,,10005.0,29.0,,,,,10000.0,2.0
0,30900,PEARLS,9998.0,2.0,9995.0,23.0,,,10005.0,23.0,,,,,10001.5,2.0
0,31000,PEARLS,9995.0,20.0,,,,,10005.0,20.0,,,,,10000.0,2.0
0,31100,PEARLS,9996.0,1.0,9995.0,21.0,,,10004.0,1.0,10005.0,21.0,,,10000.0,2.0
0,31200,PEARLS,9996.0,2.0,9995.0,27.0,,,10004.0,2.0,10005.0,27.0,,,10000.0,2.0
0,31300,PEARLS,9995.0,30.0,,,,,10005.0,30.0,,,,,10000.0,2.0
0,31400,PEARLS,9996.0,2.0,9995.0,30.0,,,10004.0,2.0,10005.0,30.0,,,10000.0,2.0
0,31500,PEARLS,9995.0,23.0,,,,,10005.0,23.0,,,,,10000.0,2.0
0,31600,PEARLS,9998.0,2.0,9996.0,2.0,9995.0,30.0,10004.0,2.0,10005.0,30.0,,,10001.0,2.0
0,31700,PEARLS,9995.0,29.0,,,,,9998.0,4.0,10002.0,2.0,10005.0,29.0,9996.5,2.0
0,31800,PEARLS,9995.0,21.0,,,,,10005.0,21.0,,,,,10000.0,-6.0
0,31900,PEARLS,9998.0,9.0,9996.0,2.0,9995.0,27.0,10004.0,2.0,10005.0,27.0,,,10001.0,-6.0
0,32000,PEARLS,9996.0,1.0,9995.0,29.0,,,10000.0,3.0,10004.0,1.0,10005.0,29.0,9998.0,-4.0
0,32100,PEARLS,9996.0,1.0,9995.0,30.0,,,10004.0,1.0,10005.0,30.0,,,10000.0,-4.0
0,32200,PEARLS,9996.0,1.0,9995.0,25.0,,,10002.0,7.0,10004.0,1.0,10005.0,25.0,9999.0,-4.0
0,32300,PEARLS,9996.0,1.0,9995.0,25.0,,,10002.0,6.0,10004.0,1.0,10005.0,25.0,9999.0,-2.0
0,32400,PEARLS,9996.0,2.0,9995.0,27.0,,,10002.0,1.0,10004.0,2.0,10005.0,27.0,9999.0,-2.0
0,32500,PEARLS,9996.0,2.0,9995.0,23.0,,,10004.0,2.0,10005.0,23.0,,,10000.0,-2.0
0,32600,PEARLS,9995.0,30.0,,,,,10005.0,30.0,,,,,10000.0,-2.0
0,32700,PEARLS,10002.0,1.0,9996.0,1.0,9995.0,26.0,10004.0,1.0,10005.0,26.0,,,10003.0,-2.0
0,32800,PEARLS,9995.0,23.0,,,,,10005.0,23.0,,,,,10000.0,0.0
0,32900,PEARLS,9996.0,1.0,9995.0,23.0,,,10002.0,1.0,10004.0,1.0,10005.0,23.0,9999.0,0.0
0,33000,PEARLS,10002.0,1.0,9996.0,1.0,9995.0,27.0,10004.0,1.0,10005.0,27.0,,,10003.0,0.0
0,33100,PEARLS,9995.0,24.0,,,,,10005.0,24.0,,,,,10000.0,0.0
0,33200,PEARLS,9995.0,25.0,,,,,10002.0,9.0,10005.0,25.0,,,9998.5,0.0
0,33300,PEARLS,9996.0,2.0,9995.0,24.0,,,10002.0,7.0,10004.0,2.0,10005.0,24.0,9999.0,0.0
0,33400,PEARLS,9995.0,27.0,,,,,10005.0,27.0,,,,,10000.0,0.0
0,33500,PEARLS,9998.0,10.0,9995.0,25.0,,,10005.0,25.0,,,,,10001.5,0.0
0,33600,PEARLS,9995.0,27.0,,,,,10005.0,27.0,,,,,10000.0,0.0
0,33700,PEARLS,9998.0,7.0,9996.0,1.0,9995.0,22.0,10004.0,1.0,10005.0,22.0,,,10001.0,-2.0
0,33800,PEARLS,10002.0,1.0,9995.0,26.0,,,10005.0,26.0,,,,,10003.5,-2.0
0,33900,PEARLS,9995.0,24.0,,,,,10005.0,24.0,,,,,10000.0,0.0
0,34000,PEARLS,10002.0,1.0,9996.0,1.0,9995.0,24.0,10004.0,1.0,10005.0,24.0,,,10003.0,10.0
0,34100,PEARLS,9996.0,1.0,9995.0,26.0,,,10004.0,1.0,10005.0,26.0,,,10000.0,10.0
0,34200,PEARLS,9996.0,1.0,9995.0,26.0,,,10004.0,1.0,10005.0,26.0,,,10000.0,10.0
0,34300,PEARLS,9996.0,2.0,9995.0,20.0,,,10004.0,2.0,10005.0,20.0,,,10000.0,-12.0
0,34400,PEARLS,9996.0,2.0,9995.0,23.0,,,10004.0,2.0,10005.0,23.0,,,10000.0,-12.0
0,34500,PEARLS,9995.0,25.0,,,,,10002.0,2.0,10005.0,25.0,,,9998.5,-12.0
0,34600,PEARLS,9995.0,22.0,,,,,10005.0,22.0,,,,,10000.0,-12.0
0,34700,PEARLS,9995.0,29.0,,,,,9998.0,5.0,10005.0,29.0,,,9996.5,-12.0
0,34800,PEARLS,10002.0,1.0,10000.0,2.0,9995.0,24.0,10005.0,24.0,,,,,10003.5,-22.0
0,34900,PEARLS,9996.0,2.0,9995.0,22.0,,,10004.0,2.0,10005.0,22.0,,,10000.0,-20.0
0,35000,PEARLS,9996.0,2.0,9995.0,20.0,,,10002.0,10.0,10004.0,2.0,10005.0,20.0,9999.0,-20.0
0,35100,PEARLS,9996.0,1.0,9995.0,25.0,,,10004.0,1.0,10005.0,25.0,,,10000.0,-20.0
0,35200,PEARLS,9995.0,24.0,,,,,10005.0,24.0,,,,,10000.0,-20.0
0,35300,PEARLS,9998.0,9.0,9995.0,24.0,,,10005.0,24.0,,,,,10001.5,-20.0
0,35400,PEARLS,9995.0,22.0,,,,,10005.0,22.0,,,,,10000.0,-20.0
0,35500,PEARLS,10002.0,5.0,9995.0,25.0,,,10005.0,25.0,,,,,10003.5,-20.0
0,35600,PEARLS,9998.0,10.0,9996.0,1.0,9995.0,26.0,10004.0,1.0,10005.0,26.0,,,10001.0,-20.0
0,35700,PEARLS,10002.0,1.0,9996.0,1.0,9995.0,26.0,10004.0,1.0,10005.0,26.0,,,10003.0,-18.0
0,35800,PEARLS,9996.0,2.0,9995.0,28.0,,,10004.0,2.0,10005.0,28.0,,,10000.0,-16.0
0,35900,PEARLS,9996.0,1.0,9995.0,29.0,,,10002.0,3.0,10004.0,1.0,10005.0,29.0,9999.0,-16.0
0,36000,PEARLS,9995.0,28.0,,,,,9998.0,1.0,10005.0,28.0,,,9996.5,-16.0
0,36100,PEARLS,9995.0,26.0,,,,,9998.0,4.0,10005.0,26.0,,,9996.5,-18.0
0,36200,PEARLS,9996.0,1.0,9995.0,29.0,,,10002.0,3.0,10004.0,1.0,10005.0,29.0,9999.0,-18.0
0,36300,PEARLS,9995.0,22.0,,,,,9998.0,1.0,10005.0,22.0,,,9996.5,-18.0
0,36400,PEARLS,9996.0,1.0,9995.0,27.0,,,10002.0,5.0,10004.0,1.0,10005.0,27.0,9999.0,-18.0
0,36500,PEARLS,9996.0,1.0,9995.0,26.0,,,10002.0,10.0,10004.0,1.0,10005.0,26.0,9999.0,-18.0
0,36600,PEARLS,10002.0,4.0,9998.0,1.0,9995.0,21.0,10005.0,21.0,,,,,10003.5,-22.0
0,36700,PEARLS,10002.0,1.0,9995.0,30.0,,,10005.0,30.0,,,,,10003.5,-22.0
0,36800,PEARLS,10002.0,1.0,9996.0,1.0,9995.0,26.0,10004.0,1.0,10005.0,26.0,,,10003.0,-20.0
0,36900,PEARLS,9996.0,2.0,9995.0,29.0,,,10002.0,3.0,10004.0,2.0,10005.0,29.0,9999.0,-18.0
0,37000,PEARLS,9998.0,4.0,9995.0,23.0,,,10005.0,23.0,,,,,10001.5,-18.0
0,37100,PEARLS,9996.0,1.0,9995.0,23.0,,,10004.0,1.0,10005.0,23.0,,,10000.0,-18.0
0,37200,PEARLS,9998.0,2.0,9995.0,22.0,,,10005.0,22.0,,,,,10001.5,-20.0
0,37300,PEARLS,10002.0,5.0,9995.0,27.0,,,10005.0,27.0,,,,,10003.5,-6.0
0,37400,PEARLS,9996.0,1.0,9995.0,22.0,,,10004.0,1.0,10005.0,22.0,,,10000.0,4.0
0,37500,PEARLS,10002.0,1.0,9998.0,2.0,9995.0,29.0,10005.0,29.0,,,,,10003.5,4.0
0,37600,PEARLS,9996.0,2.0,9995.0,24.0,,,10004.0,2.0,10005.0,24.0,,,10000.0,4.0
0,37700,PEARLS,9996.0,1.0,9995.0,28.0,,,10004.0,1.0,10005.0,28.0,,,10000.0,4.0
0,37800,PEARLS,9996.0,2.0,9995.0,27.0,,,10004.0,2.0,10005.0,27.0,,,10000.0,4.0
0,37900,PEARLS,9996.0,2.0,9995.0,27.0,,,10000.0,3.0,10004.0,2.0,10005.0,27.0,9998.0,4.0
0,38000,PEARLS,9995.0,25.0,,,,,10002.0,5.0,10005.0,25.0,,,9998.5,4.0
0,38100,PEARLS,9995.0,28.0,,,,,10005.0,28.0,,,,,10000.0,4.0
0,38200,PEARLS,9995.0,23.0,,,,,9998.0,2.0,10005.0,23.0,,,9996.5,-6.0
0,38300,PEARLS,9996.0,1.0,9995.0,26.0,,,10004.0,1.0,10005.0,26.0,,,10000.0,-10.0
0,38400,PEARLS,10002.0,1.0,9995.0,21.0,,,10005.0,21.0,,,,,10003.5,-10.0
0,38500,PEARLS,10002.0,1.0,9996.0,2.0,9995.0,23.0,10004.0,2.0,10005.0,23.0,,,10003.0,-10.0
0,38600,PEARLS,10002.0,5.0,9995.0,27.0,,,10005.0,27.0,,,,,10003.5,-8.0
0,38700,PEARLS,9996.0,1.0,9995.0,29.0,,,10004.0,1.0,10005.0,29.0,,,10000.0,2.0
0,38800,PEARLS,9995.0,27.0,,,,,10005.0,27.0,,,,,10000.0,2.0
0,38900,PEARLS,9996.0,1.0,9995.0,25.0,,,10004.0,1.0,10005.0,25.0,,,10000.0,10.0
0,39000,PEARLS,9995.0,29.0,,,,,10005.0,29.0,,,,,10000.0,10.0
0,39100,PEARLS,9996.0,1.0,9995.0,29.0,,,10002.0,10.0,10004.0,1.0,10005.0,29.0,9999.0,10.0
0,39200,PEARLS,9995.0,24.0,,,,,10005.0,24.0,,,,,10000.0,10.0
0,39300,PEARLS,9998.0,3.0,9996.0,1.0,9995.0,26.0,10004.0,1.0,10005.0,26.0,,,10001.0,10.0
0,39400,PEARLS,9996.0,2.0,9995.0,27.0,,,10004.0,2.0,10005.0,27.0,,,10000.0,10.0
0,39500,PEARLS,9996.0,2.0,9995.0,20.0,,,10004.0,2.0,10005.0,20.0,,,10000.0,14.0
0,39600,PEARLS,9995.0,22.0,,,,,10005.0,22.0,,,,,10000.0,14.0
0,39700,PEARLS,9995.0,20.0,,,,,10005.0,20.0,,,,,10000.0,24.0
0,39800,PEARLS,9996.0,1.0,9995.0,30.0,,,10002.0,3.0,10004.0,1.0,10005.0,30.0,9999.0,59.0
0,39900,PEARLS,9998.0,1.0,9996.0,2.0,9995.0,30.0,10004.0,2.0,10005.0,30.0,,,10001.0,59.0
0,40000,PEARLS,9998.0,9.0,9996.0,1.0,9995.0,30.0,10004.0,1.0,10005.0,30.0,,,10001.0,59.0
0,40100,PEARLS,10002.0,1.0,9995.0,27.0,,,10005.0,27.0,,,,,10003.5,59.0
0,40200,PEARLS,9996.0,1.0,9995.0,22.0,,,10002.0,7.0,10004.0,1.0,10005.0,22.0,9999.0,61.0
0,40300,PEARLS,9996.0,1.0,9995.0,24.0,,,10000.0,4.0,10004.0,1.0,10005.0,24.0,9998.0,61.0
0,40400,PEARLS,9996.0,1.0,9995.0,20.0,,,10002.0,10.0,10004.0,1.0,10005.0,20.0,9999.0,37.0
0,40500,PEARLS,9995.0,24.0,,,,,10005.0,24.0,,,,,10000.0,37.0
0,40600,PEARLS,9996.0,2.0,9995.0,24.0,,,9998.0,7.0,10004.0,2.0,10005.0,24.0,9997.0,37.0
0,40700,PEARLS,9996.0,2.0,9995.0,24.0,,,10004.0,2.0,10005.0,24.0,,,10000.0,37.0
0,40800,PEARLS,9995.0,29.0,,,,,10005.0,29.0,,,,,10000.0,37.0
0,40900,PEARLS,9995.0,22.0,,,,,10005.0,22.0,,,,,10000.0,37.0
0,41000,PEARLS,9998.0,5.0,9995.0,22.0,,,10005.0,22.0,,,,,10001.5,37.0
0,41100,PEARLS,9996.0,1.0,9995.0,22.0,,,10004.0,1.0,10005.0,22.0,,,10000.0,37.0
0,41200,PEARLS,9996.0,1.0,9995.0,25.0,,,9998.0,8.0,10004.0,1.0,10005.0,25.0,9997.0,37.0
0,41300,PEARLS,9996.0,1.0,9995.0,20.0,,,10000.0,6.0,10002.0,2.0,10004.0,1.0,9998.0,37.0
0,41400,PEARLS,9995.0,23.0,,,,,10005.0,23.0,,,,,10000.0,37.0
0,41500,PEARLS,9998.0,5.0,9995.0,30.0,,,10005.0,30.0,,,,,10001.5,35.0
0,41600,PEARLS,9996.0,1.0,9995.0,27.0,,,9998.0,5.0,10004.0,1.0,10005.0,27.0,9997.0,35.0
0,41700,PEARLS,9995.0,20.0,,,,,10005.0,20.0,,,,,10000.0,35.0
0,41800,PEARLS,9996.0,2.0,9995.0,28.0,,,10002.0,3.0,10004.0,2.0,10005.0,28.0,9999.0,35.0
0,41900,PEARLS,9998.0,4.0,9996.0,2.0,9995.0,28.0,10004.0,2.0,10005.0,28.0,,,10001.0,35.0
0,42000,PEARLS,9996.0,2.0,9995.0,28.0,,,10004.0,2.0,10005.0,28.0,,,10000.0,35.0
0,42100,PEARLS,9995.0,24.0,,,,,10005.0,24.0,,,,,10000.0,35.0
0,42200,PEARLS,9995.0,26.0,,,,,10002.0,4.0,10005.0,26.0,,,9998.5,35.0
0,42300,PEARLS,10000.0,4.0,9995.0,24.0,,,10005.0,24.0,,,,,10002.5,25.0
0,42400,PEARLS,9996.0,1.0,9995.0,24.0,,,9998.0,5.0,10004.0,1.0,10005.0,24.0,9997.0,30.0
0,42500,PEARLS,9996.0,2.0,9995.0,22.0,,,10004.0,2.0,10005.0,22.0,,,10000.0,30.0
0,42600,PEARLS,9995.0,25.0,,,,,10002.0,10.0,10005.0,25.0,,,9998.5,30.0
0,42700,PEARLS,9996.0,2.0,9995.0,20.0,,,10004.0,2.0,10005.0,20.0,,,10000.0,30.0
0,42800,PEARLS,9995.0,23.0,,,,,10005.0,23.0,,,,,10000.0,30.0
0,42900,PEARLS,9995.0,22.0,,,,,10005.0,22.0,,,,,10000.0,30.0
0,43000,PEARLS,10002.0,7.0,9996.0,1.0,9995.0,24.0,10004.0,1.0,10005.0,24.0,,,10003.0,30.0
0,43100,PEARLS,9996.0,2.0,9995.0,23.0,,,10002.0,3.0,10004.0,2.0,10005.0,23.0,9999.0,30.0
0,43200,PEARLS,9996.0,1.0,9995.0,27.0,,,10000.0,1.0,10004.0,1.0,10005.0,27.0,9998.0,32.0
0,43300,PEARLS,9995.0,20.0,,,,,10005.0,20.0,,,,,10000.0,32.0
0,43400,PEARLS,9996.0,2.0,9995.0,27.0,,,10002.0,8.0,10004.0,2.0,10005.0,27.0,9999.0,32.0
0,43500,PEARLS,9996.0,1.0,9995.0,23.0,,,10002.0,10.0,10004.0,1.0,10005.0,23.0,9999.0,32.0
0,43600,PEARLS,9995.0,21.0,,,,,10002.0,1.0,10005.0,21.0,,,9998.5,32.0
0,43700,PEARLS,9996.0,2.0,9995.0,26.0,,,10004.0,2.0,10005.0,26.0,,,10000.0,32.0
0,43800,PEARLS,9995.0,25.0,,,,,9998.0,1.0,10005.0,25.0,,,9996.5,32.0
0,43900,PEARLS,9995.0,28.0,,,,,10005.0,28.0,,,,,10000.0,30.0
0,44000,PEARLS,10002.0,4.0,9996.0,1.0,9995.0,25.0,10004.0,1.0,10005.0,25.0,,,10003.0,30.0
0,44100,PEARLS,9996.0,2.0,9995.0,28.0,,,10004.0,2.0,10005.0,28.0,,,10000.0,38.0
0,44200,PEARLS,9998.0,4.0,9996.0,2.0,9995.0,20.0,10004.0,2.0,10005.0,20.0,,,10001.0,30.0
0,44300,PEARLS,9996.0,1.0,9995.0,24.0,,,10004.0,1.0,10005.0,24.0,,,10000.0,26.0
0,44400,PEARLS,9996.0,1.0,9995.0,29.0,,,10004.0,1.0,10005.0,29.0,,,10000.0,26.0
0,44500,PEARLS,9996.0,1.0,9995.0,26.0,,,10004.0,1.0,10005.0,26.0,,,10000.0,26.0
0,44600,PEARLS,9995.0,23.0,,,,,10005.0,23.0,,,,,10000.0,22.0
0,44700,PEARLS,9996.0,1.0,9995.0,23.0,,,10002.0,9.0,10004.0,1.0,10005.0,23.0,9999.0,22.0
0,44800,PEARLS,9996.0,2.0,9995.0,22.0,,,10002.0,10.0,10004.0,2.0,10005.0,22.0,9999.0,18.0
0,44900,PEARLS,9995.0,26.0,,,,,10002.0,6.0,10005.0,26.0,,,9998.5,18.0
0,45000,PEARLS,9996.0,1.0,9995.0,26.0,,,10004.0,1.0,10005.0,26.0,,,10000.0,18.0
0,45100,PEARLS,9996.0,2.0,9995.0,25.0,,,9998.0,1.0,10004.0,2.0,10005.0,25.0,9997.0,18.0
0,45200,PEARLS,9995.0,27.0,,,,,10005.0,27.0,,,,,10000.0,16.0
0,45300,PEARLS,9996.0,1.0,9995.0,28.0,,,9998.0,1.0,10004.0,1.0,10005.0,28.0,9997.0,16.0
0,45400,PEARLS,9996.0,1.0,9995.0,27.0,,,10004.0,1.0,10005.0,27.0,,,10000.0,14.0
0,45500,PEARLS,9996.0,1.0,9995.0,23.0,,,10004.0,1.0,10005.0,23.0,,,10000.0,14.0
0,45600,PEARLS,9996.0,1.0,9995.0,24.0,,,10004.0,1.0,10005.0,24.0,,,10000.0,14.0
0,45700,PEARLS,10002.0,4.0,9995.0,30.0,,,10005.0,30.0,,,,,10003.5,14.0
0,45800,PEARLS,9996.0,2.0,9995.0,24.0,,,10004.0,2.0,10005.0,24.0,,,10000.0,14.0
0,45900,PEARLS,9996.0,1.0,9995.0,21.0,,,10002.0,1.0,10004.0,1.0,10005.0,21.0,9999.0,14.0
0,46000,PEARLS,9996.0,2.0,9995.0,25.0,,,9998.0,5.0,10004.0,2.0,10005.0,25.0,9997.0,14.0
0,46100,PEARLS,9996.0,2.0,9995.0,25.0,,,10004.0,2.0,10005.0,25.0,,,10000.0,-8.0
0,46200,PEARLS,9995.0,28.0,,,,,10005.0,28.0,,,,,10000.0,-8.0
0,46300,PEARLS,9996.0,1.0,9995.0,22.0,,,10004.0,1.0,10005.0,22.0,,,10000.0,-8.0
0,46400,PEARLS,9995.0,26.0,,,,,10005.0,26.0,,,,,10000.0,-8.0
0,46500,PEARLS,9996.0,2.0,9995.0,23.0,,,10002.0,5.0,10004.0,2.0,10005.0,23.0,9999.0,-8.0
0,46600,PEARLS,9996.0,2.0,9995.0,21.0,,,10002.0,2.0,10004.0,2.0,10005.0,21.0,9999.0,-8.0
0,46700,PEARLS,9996.0,1.0,9995.0,22.0,,,10004.0,1.0,10005.0,22.0,,,10000.0,-8.0
0,46800,PEARLS,9998.0,4.0,9996.0,1.0,9995.0,22.0,10004.0,1.0,10005.0,22.0,,,10001.0,-10.0
0,46900,PEARLS,9996.0,2.0,9995.0,26.0,,,10004.0,2.0,10005.0,26.0,,,10000.0,-10.0
0,47000,PEARLS,9995.0,20.0,,,,,10002.0,8.0,10005.0,20.0,,,9998.5,-10.0
0,47100,PEARLS,9998.0,5.0,9995.0,24.0,,,10005.0,24.0,,,,,10001.5,-20.0
0,47200,PEARLS,9995.0,29.0,,,,,10005.0,29.0,,,,,10000.0,-20.0
0,47300,PEARLS,9995.0,24.0,,,,,10005.0,24.0,,,,,10000.0,-20.0
0,47400,PEARLS,9996.0,2.0,9995.0,24.0,,,10002.0,5.0,10004.0,2.0,10005.0,24.0,9999.0,-20.0
0,47500,PEARLS,9995.0,28.0,,,,,10005.0,28.0,,,,,10000.0,-20.0
0,47600,PEARLS,9995.0,21.0,,,,,10005.0,21.0,,,,,10000.0,-20.0
0,47700,PEARLS,9996.0,1.0,9995.0,23.0,,,9998.0,1.0,10004.0,1.0,10005.0,23.0,9997.0,-30.0
0,47800,PEARLS,9995.0,22.0,,,,,9998.0,1.0,10002.0,8.0,10005.0,22.0,9996.5,-32.0
0,47900,PEARLS,9998.0,1.0,9995.0,21.0,,,10005.0,21.0,,,,,10001.5,-32.0
0,48000,PEARLS,9998.0,3.0,9996.0,2.0,9995.0,27.0,10004.0,2.0,10005.0,27.0,,,10001.0,-32.0
0,48100,PEARLS,9995.0,29.0,,,,,10005.0,29.0,,,,,10000.0,-32.0
0,48200,PEARLS,9996.0,1.0,9995.0,25.0,,,10004.0,1.0,10005.0,25.0,,,10000.0,-32.0
0,48300,PEARLS,9995.0,29.0,,,,,10005.0,29.0,,,,,10000.0,-32.0
0,48400,PEARLS,9995.0,22.0,,,,,10005.0,22.0,,,,,10000.0,-32.0
0,48500,PEARLS,9995.0,25.0,,,,,10005.0,25.0,,,,,10000.0,-32.0
0,48600,PEARLS,9996.0,2.0,9995.0,20.0,,,10002.0,4.0,10004.0,2.0,10005.0,20.0,9999.0,-32.0
0,48700,PEARLS,10002.0,2.0,9995.0,21.0,,,10005.0,21.0,,,,,10003.5,-32.0
0,48800,PEARLS,9998.0,10.0,9996.0,2.0,9995.0,29.0,10004.0,2.0,10005.0,29.0,,,10001.0,-28.0
0,48900,PEARLS,9998.0,3.0,9996.0,1.0,9995.0,24.0,10004.0,1.0,10005.0,24.0,,,10001.0,-28.0
0,49000,PEARLS,9995.0,29.0,,,,,10005.0,29.0,,,,,10000.0,-28.0
0,49100,PEARLS,9998.0,3.0,9995.0,26.0,,,10005.0,26.0,,,,,10001.5,-28.0
0,49200,PEARLS,9996.0,2.0,9995.0,23.0,,,10004.0,2.0,10005.0,23.0,,,10000.0,-32.0
0,49300,PEARLS,9995.0,29.0,,,,,10005.0,29.0,,,,,10000.0,-32.0
0,49400,PEARLS,9998.0,5.0,9996.0,1.0,9995.0,21.0,10004.0,1.0,10005.0,21.0,,,10001.0,-32.0
0,49500,PEARLS,9995.0,23.0,,,,,10005.0,23.0,,,,,10000.0,-32.0
0,49600,PEARLS,9995.0,22.0,,,,,10005.0,22.0,,,,,10000.0,-32.0
0,49700,PEARLS,9996.0,2.0,9995.0,22.0,,,10002.0,8.0,10004.0,2.0,10005.0,22.0,9999.0,-30.0
0,49800,PEARLS,9996.0,1.0,9995.0,21.0,,,9998.0,1.0,10004.0,1.0,10005.0,21.0,9997.0,-30.0
0,49900,PEARLS,9996.0,2.0,9995.0,20.0,,,10004.0,2.0,10005.0,20.0,,,10000.0,-30.0
0,50000,PEARLS,9996.0,1.0,9995.0,29.0,,,10004.0,1.0,10005.0,29.0,,,10000.0,-30.0
0,50100,PEARLS,9996.0,2.0,9995.0,30.0,,,10004.0,2.0,10005.0,30.0,,,10000.0,-30.0
0,50200,PEARLS,9998.0,1.0,9996.0,2.0,9995.0,23.0,10004.0,2.0,10005.0,23.0,,,10001.0,-22.0
0,50300,PEARLS,9996.0,1.0,9995.0,25.0,,,10002.0,5.0,10004.0,1.0,10005.0,25.0,9999.0,-20.0
0,50400,PEARLS,10002.0,4.0,9996.0,1.0,9995.0,29.0,10004.0,1.0,10005.0,29.0,,,10003.0,-20.0
0,50500,PEARLS,10002.0,4.0,9996.0,1.0,9995.0,28.0,10004.0,1.0,10005.0,28.0,,,10003.0,-12.0
0,50600,PEARLS,9996.0,1.0,9995.0,23.0,,,10004.0,1.0,10005.0,23.0,,,10000.0,-12.0
0,50700,PEARLS,9995.0,25.0,,,,,10002.0,3.0,10005.0,25.0,,,9998.5,-12.0
0,50800,PEARLS,9995.0,24.0,,,,,9998.0,1.0,10002.0,6.0,10005.0,24.0,9996.5,-12.0
0,50900,PEARLS,9996.0,1.0,9995.0,26.0,,,10004.0,1.0,10005.0,26.0,,,10000.0,-14.0
0,51000,PEARLS,9996.0,2.0,9995.0,22.0,,,10004.0,2.0,10005.0,22.0,,,10000.0,-14.0
0,51100,PEARLS,9996.0,1.0,9995.0,26.0,,,10004.0,1.0,10005.0,26.0,,,10000.0,-14.0
0,51200,PEARLS,9996.0,2.0,9995.0,30.0,,,10004.0,2.0,10005.0,30.0,,,10000.0,-14.0
0,51300,PEARLS,9996.0,2.0,9995.0,23.0,,,10004.0,2.0,10005.0,23.0,,,10000.0,-14.0
0,51400,PEARLS,9995.0,23.0,,,,,10005.0,23.0,,,,,10000.0,-14.0
0,51500,PEARLS,9996.0,2.0,9995.0,20.0,,,10004.0,2.0,10005.0,20.0,,,10000.0,-14.0
0,51600,PEARLS,9996.0,2.0,9995.0,29.0,,,10004.0,2.0,10005.0,29.0,,,10000.0,-14.0
0,51700,PEARLS,9996.0,2.0,9995.0,30.0,,,10002.0,5.0,10004.0,2.0,10005.0,30.0,9999.0,-14.0
0,51800,PEARLS,9996.0,2.0,9995.0,24.0,,,10004.0,2.0,10005.0,24.0,,,10000.0,-14.0
0,51900,PEARLS,9996.0,1.0,9995.0,26.0,,,10002.0,6.0,10004.0,1.0,10005.0,26.0,9999.0,-14.0
0,52000,PEARLS,10000.0,3.0,9996.0,1.0,9995.0,23.0,10004.0,1.0,10005.0,23.0,,,10002.0,-14.0
0,52100,PEARLS,9995.0,30.0,,,,,10005.0,30.0,,,,,10000.0,-14.0
0,52200,PEARLS,9995.0,28.0,,,,,10002.0,3.0,10005.0,28.0,,,9998.5,-14.0
0,52300,PEARLS,9995.0,21.0,,,,,10002.0,3.0,10005.0,21.0,,,9998.5,-14.0
0,52400,PEARLS,10000.0,6.0,9996.0,2.0,9995.0,22.0,10004.0,2.0,10005.0,22.0,,,10002.0,-14.0
0,52500,PEARLS,9996.0,1.0,9995.0,30.0,,,10004.0,1.0,10005.0,30.0,,,10000.0,-14.0
0,52600,PEARLS,9996.0,1.0,9995.0,23.0,,,9998.0,2.0,10004.0,1.0,10005.0,23.0,9997.0,-14.0
0,52700,PEARLS,9995.0,29.0,,,,,9998.0,1.0,10005.0,29.0,,,9996.5,-14.0
0,52800,PEARLS,9995.0,24.0,,,,,9998.0,1.0,10005.0,24.0,,,9996.5,-26.0
0,52900,PEARLS,9996.0,1.0,9995.0,30.0,,,10004.0,1.0,10005.0,30.0,,,10000.0,-26.0
0,53000,PEARLS,9995.0,28.0,,,,,10005.0,28.0,,,,,10000.0,-26.0
0,53100,PEARLS,9996.0,1.0,9995.0,30.0,,,10004.0,1.0,10005.0,30.0,,,10000.0,-26.0
0,53200,PEARLS,9996.0,1.0,9995.0,30.0,,,9998.0,1.0,10004.0,1.0,10005.0,30.0,9997.0,-26.0
0,53300,PEARLS,9996.0,1.0,9995.0,23.0,,,10004.0,1.0,10005.0,23.0,,,10000.0,-26.0
0,53400,PEARLS,9995.0,23.0,,,,,10005.0,23.0,,,,,10000.0,-26.0
0,53500,PEARLS,9996.0,1.0,9995.0,25.0,,,10002.0,8.0,10004.0,1.0,10005.0,25.0,9999.0,-26.0
0,53600,PEARLS,9998.0,2.0,9995.0,23.0,,,10005.0,23.0,,,,,10001.5,-26.0
0,53700,PEARLS,9996.0,2.0,9995.0,25.0,,,10002.0,10.0,10004.0,2.0,10005.0,25.0,9999.0,-30.0
0,53800,PEARLS,9996.0,2.0,9995.0,23.0,,,9998.0,13.0,10002.0,6.0,10004.0,2.0,9997.0,-30.0
0,53900,PEARLS,9995.0,28.0,,,,,10005.0,28.0,,,,,10000.0,-30.0
0,54000,PEARLS,9996.0,1.0,9995.0,21.0,,,10004.0,1.0,10005.0,21.0,,,10000.0,-30.0
0,54100,PEARLS,9995.0,23.0,,,,,10005.0,23.0,,,,,10000.0,-30.0
0,54200,PEARLS,9996.0,1.0,9995.0,20.0,,,10004.0,1.0,10005.0,20.0,,,10000.0,-30.0
0,54300,PEARLS,9998.0,1.0,9995.0,25.0,,,10005.0,25.0,,,,,10001.5,-30.0
0,54400,PEARLS,9996.0,2.0,9995.0,22.0,,,10004.0,2.0,10005.0,22.0,,,10000.0,-30.0
0,54500,PEARLS,9995.0,29.0,,,,,10002.0,9.0,10005.0,29.0,,,9998.5,-30.0
0,54600,PEARLS,9998.0,4.0,9996.0,2.0,9995.0,26.0,10004.0,2.0,10005.0,26.0,,,10001.0,-30.0
0,54700,PEARLS,9998.0,2.0,9995.0,21.0,,,10005.0,21.0,,,,,10001.5,-32.0
0,54800,PEARLS,9996.0,1.0,9995.0,23.0,,,10004.0,1.0,10005.0,23.0,,,10000.0,-32.0
0,54900,PEARLS,9996.0,1.0,9995.0,28.0,,,10004.0,1.0,10005.0,28.0,,,10000.0,-32.0
0,55000,PEARLS,9995.0,27.0,,,,,9998.0,5.0,10005.0,27.0,,,9996.5,-32.0
0,55100,PEARLS,10002.0,9.0,9996.0,2.0,9995.0,29.0,10004.0,2.0,10005.0,29.0,,,10003.0,-34.0
0,55200,PEARLS,9995.0,25.0,,,,,10005.0,25.0,,,,,10000.0,-34.0
0,55300,PEARLS,9996.0,1.0,9995.0,24.0,,,10002.0,7.0,10004.0,1.0,10005.0,24.0,9999.0,-34.0
0,55400,PEARLS,9996.0,1.0,9995.0,22.0,,,10004.0,1.0,10005.0,22.0,,,10000.0,-34.0
0,55500,PEARLS,9995.0,26.0,,,,,10005.0,26.0,,,,,10000.0,-34.0
0,55600,PEARLS,9998.0,7.0,9996.0,1.0,9995.0,27.0,10004.0,1.0,10005.0,27.0,,,10001.0,-34.0
0,55700,PEARLS,9995.0,21.0,,,,,10002.0,7.0,10005.0,21.0,,,9998.5,-34.0
0,55800,PEARLS,9996.0,2.0,9995.0,21.0,,,10004.0,2.0,10005.0,21.0,,,10000.0,-34.0
0,55900,PEARLS,9995.0,24.0,,,,,9998.0,11.0,10005.0,24.0,,,9996.5,-34.0
0,56000,PEARLS,9996.0,2.0,9995.0,20.0,,,10004.0,2.0,10005.0,20.0,,,10000.0,-34.0
0,56100,PEARLS,9996.0,1.0,9995.0,29.0,,,10004.0,1.0,10005.0,29.0,,,10000.0,-34.0
0,56200,PEARLS,9996.0,2.0,9995.0,26.0,,,10004.0,2.0,10005.0,26.0,,,10000.0,-34.0
0,56300,PEARLS,9995.0,23.0,,,,,10002.0,8.0,10005.0,23.0,,,9998.5,-34.0
0,56400,PEARLS,9998.0,6.0,9995.0,23.0,,,10005.0,23.0,,,,,10001.5,-34.0
0,56500,PEARLS,9995.0,25.0,,,,,10005.0,25.0,,,,,10000.0,-34.0
0,56600,PEARLS,9996.0,1.0,9995.0,26.0,,,10004.0,1.0,10005.0,26.0,,,10000.0,-34.0
0,56700,PEARLS,9995.0,25.0,,,,,10005.0,25.0,,,,,10000.0,-30.0
0,56800,PEARLS,9995.0,24.0,,,,,10005.0,24.0,,,,,10000.0,-30.0
0,56900,PEARLS,9998.0,5.0,9995.0,20.0,,,10005.0,20.0,,,,,10001.5,-30.0
0,57000,PEARLS,9995.0,25.0,,,,,10005.0,25.0,,,,,10000.0,-30.0
0,57100,PEARLS,9996.0,2.0,9995.0,25.0,,,10004.0,2.0,10005.0,25.0,,,10000.0,-40.0
0,57200,PEARLS,9995.0,26.0,,,,,10005.0,26.0,,,,,10000.0,-40.0
0,57300,PEARLS,10002.0,1.0,9995.0,25.0,,,10005.0,25.0,,,,,10003.5,-40.0
0,57400,PEARLS,9996.0,2.0,9995.0,26.0,,,10002.0,2.0,10004.0,2.0,10005.0,26.0,9999.0,-38.0
0,57500,PEARLS,9996.0,1.0,9995.0,30.0,,,10002.0,1.0,10004.0,1.0,10005.0,30.0,9999.0,-38.0
0,57600,PEARLS,9995.0,29.0,,,,,9998.0,1.0,10005.0,29.0,,,9996.5,-38.0
0,57700,PEARLS,9996.0,2.0,9995.0,28.0,,,10002.0,2.0,10004.0,2.0,10005.0,28.0,9999.0,-38.0
0,57800,PEARLS,9996.0,2.0,9995.0,26.0,,,10004.0,2.0,10005.0,26.0,,,10000.0,-38.0
0,57900,PEARLS,10002.0,1.0,9996.0,2.0,9995.0,30.0,10004.0,2.0,10005.0,30.0,,,10003.0,-38.0
0,58000,PEARLS,9998.0,7.0,9995.0,23.0,,,10005.0,23.0,,,,,10001.5,-38.0
0,58100,PEARLS,9996.0,1.0,9995.0,23.0,,,10004.0,1.0,10005.0,23.0,,,10000.0,-38.0
0,58200,PEARLS,9996.0,2.0,9995.0,24.0,,,10004.0,2.0,10005.0,24.0,,,10000.0,-38.0
0,58300,PEARLS,9996.0,2.0,9995.0,21.0,,,9998.0,1.0,10004.0,2.0,10005.0,21.0,9997.0,-38.0
0,58400,PEARLS,9995.0,21.0,,,,,10000.0,4.0,10005.0,21.0,,,9997.5,-38.0
0,58500,PEARLS,9996.0,1.0,9995.0,29.0,,,9998.0,1.0,10004.0,1.0,10005.0,29.0,9997.0,-38.0
0,58600,PEARLS,9998.0,2.0,9996.0,2.0,9995.0,27.0,10004.0,2.0,10005.0,27.0,,,10001.0,-38.0
0,58700,PEARLS,9996.0,1.0,9995.0,24.0,,,10004.0,1.0,10005.0,24.0,,,10000.0,-38.0
0,58800,PEARLS,9998.0,4.0,9996.0,2.0,9995.0,22.0,10004.0,2.0,10005.0,22.0,,,10001.0,-40.0
0,58900,PEARLS,9995.0,22.0,,,,,9998.0,1.0,10005.0,22.0,,,9996.5,-40.0
0,59000,PEARLS,9995.0,26.0,,,,,10005.0,26.0,,,,,10000.0,-60.0
0,59100,PEARLS,9995.0,30.0,,,,,9998.0,2.0,10005.0,30.0,,,9996.5,-60.0
0,59200,PEARLS,10000.0,3.0,9996.0,2.0,9995.0,29.0,10004.0,2.0,10005.0,29.0,,,10002.0,-64.0
0,59300,PEARLS,9996.0,2.0,9995.0,28.0,,,9998.0,13.0,10004.0,2.0,10005.0,28.0,9997.0,-70.0
0,59400,PEARLS,9995.0,28.0,,,,,10005.0,28.0,,,,,10000.0,-64.0
0,59500,PEARLS,9998.0,1.0,9996.0,2.0,9995.0,27.0,10004.0,2.0,10005.0,27.0,,,10001.0,-64.0
0,59600,PEARLS,9995.0,25.0,,,,,10005.0,25.0,,,,,10000.0,-64.0
0,59700,PEARLS,9998.0,8.0,9996.0,2.0,9995.0,26.0,10004.0,2.0,10005.0,26.0,,,10001.0,-64.0
0,59800,PEARLS,9995.0,20.0,,,,,10005.0,20.0,,,,,10000.0,-64.0
0,59900,PEARLS,10002.0,1.0,9998.0,1.0,9996.0,2.0,10004.0,2.0,10005.0,22.0,,,10003.0,-64.0
0,60000,PEARLS,9998.0,4.0,9996.0,2.0,9995.0,29.0,10004.0,2.0,10005.0,29.0,,,10001.0,-54.0
0,60100,PEARLS,9995.0,25.0,,,,,9998.0,1.0,10005.0,25.0,,,9996.5,-54.0
0,60200,PEARLS,10000.0,3.0,9996.0,1.0,9995.0,21.0,10004.0,1.0,10005.0,21.0,,,10002.0,-58.0
0,60300,PEARLS,9996.0,2.0,9995.0,22.0,,,10004.0,2.0,10005.0,22.0,,,10000.0,-58.0
0,60400,PEARLS,10000.0,4.0,9996.0,1.0,9995.0,24.0,10004.0,1.0,10005.0,24.0,,,10002.0,-62.0
0,60500,PEARLS,9996.0,2.0,9995.0,20.0,,,10004.0,2.0,10005.0,20.0,,,10000.0,-62.0
0,60600,PEARLS,9995.0,27.0,,,,,10002.0,3.0,10005.0,27.0,,,9998.5,-66.0
0,60700,PEARLS,9996.0,2.0,9995.0,29.0,,,10002.0,8.0,10004.0,2.0,10005.0,29.0,9999.0,-66.0
0,60800,PEARLS,9996.0,1.0,9995.0,24.0,,,10004.0,1.0,10005.0,24.0,,,10000.0,-66.0
0,60900,PEARLS,9996.0,2.0,9995.0,23.0,,,10004.0,2.0,10005.0,23.0,,,10000.0,-66.0
0,61000,PEARLS,9996.0,1.0,9995.0,30.0,,,10004.0,1.0,10005.0,30.0,,,10000.0,-66.0
0,61100,PEARLS,9996.0,2.0,9995.0,30.0,,,10004.0,2.0,10005.0,30.0,,,10000.0,-62.0
0,61200,PEARLS,9995.0,30.0,,,,,10005.0,30.0,,,,,10000.0,-62.0
0,61300,PEARLS,9996.0,1.0,9995.0,30.0,,,10004.0,1.0,10005.0,30.0,,,10000.0,-62.0
0,61400,PEARLS,10002.0,2.0,9996.0,2.0,9995.0,26.0,10004.0,2.0,10005.0,26.0,,,10003.0,-62.0
0,61500,PEARLS,10002.0,6.0,9995.0,29.0,,,10005.0,29.0,,,,,10003.5,-62.0
0,61600,PEARLS,9996.0,1.0,9995.0,25.0,,,10004.0,1.0,10005.0,25.0,,,10000.0,-50.0
0,61700,PEARLS,9996.0,1.0,9995.0,22.0,,,10004.0,1.0,10005.0,22.0,,,10000.0,-50.0
0,61800,PEARLS,9995.0,29.0,,,,,10005.0,29.0,,,,,10000.0,-50.0
0,61900,PEARLS,9996.0,2.0,9995.0,23.0,,,9998.0,1.0,10004.0,2.0,10005.0,23.0,9997.0,-50.0
0,62000,PEARLS,9996.0,1.0,9995.0,22.0,,,10004.0,1.0,10005.0,22.0,,,10000.0,-50.0
0,62100,PEARLS,9996.0,1.0,9995.0,24.0,,,10004.0,1.0,10005.0,24.0,,,10000.0,-50.0
0,62200,PEARLS,9998.0,9.0,9995.0,26.0,,,10005.0,26.0,,,,,10001.5,-50.0
0,62300,PEARLS,9996.0,1.0,9995.0,21.0,,,10004.0,1.0,10005.0,21.0,,,10000.0,-50.0
0,62400,PEARLS,9995.0,26.0,,,,,10005.0,26.0,,,,,10000.0,-50.0
0,62500,PEARLS,9996.0,2.0,9995.0,27.0,,,10004.0,2.0,10005.0,27.0,,,10000.0,-50.0
0,62600,PEARLS,9996.0,2.0,9995.0,29.0,,,10004.0,2.0,10005.0,29.0,,,10000.0,-50.0
0,62700,PEARLS,9995.0,25.0,,,,,10002.0,4.0,10005.0,25.0,,,9998.5,-50.0
0,62800,PEARLS,9996.0,1.0,9995.0,27.0,,,10004.0,1.0,10005.0,27.0,,,10000.0,-50.0
0,62900,PEARLS,9996.0,1.0,9995.0,21.0,,,10004.0,1.0,10005.0,21.0,,,10000.0,-82.0
0,63000,PEARLS,9996.0,2.0,9995.0,25.0,,,10004.0,2.0,10005.0,25.0,,,10000.0,-78.0
0,63100,PEARLS,9995.0,20.0,,,,,10002.0,1.0,10005.0,20.0,,,9998.5,-78.0
0,63200,PEARLS,9995.0,24.0,,,,,10005.0,24.0,,,,,10000.0,-78.0
0,63300,PEARLS,9996.0,2.0,9995.0,26.0,,,10004.0,2.0,10005.0,26.0,,,10000.0,-78.0
0,63400,PEARLS,9996.0,1.0,9995.0,30.0,,,10002.0,9.0,10004.0,1.0,10005.0,30.0,9999.0,-78.0
0,63500,PEARLS,9996.0,2.0,9995.0,30.0,,,9998.0,1.0,10002.0,3.0,10004.0,2.0,9997.0,-78.0
0,63600,PEARLS,9996.0,1.0,9995.0,30.0,,,10002.0,6.0,10004.0,1.0,10005.0,30.0,9999.0,-80.0
0,63700,PEARLS,9998.0,8.0,9996.0,2.0,9995.0,22.0,10004.0,2.0,10005.0,22.0,,,10001.0,-80.0
0,63800,PEARLS,9996.0,2.0,9995.0,26.0,,,10004.0,2.0,10005.0,26.0,,,10000.0,-82.0
0,63900,PEARLS,9995.0,25.0,,,,,10002.0,3.0,10005.0,25.0,,,9998.5,-82.0
0,64000,PEARLS,9996.0,1.0,9995.0,30.0,,,10004.0,1.0,10005.0,30.0,,,10000.0,-82.0
0,64100,PEARLS,9995.0,29.0,,,,,10005.0,29.0,,,,,10000.0,-82.0
0,64200,PEARLS,9996.0,1.0,9995.0,23.0,,,10002.0,1.0,10004.0,1.0,10005.0,23.0,9999.0,-82.0
0,64300,PEARLS,9995.0,29.0,,,,,10005.0,29.0,,,,,10000.0,-82.0
0,64400,PEARLS,9996.0,1.0,9995.0,25.0,,,10004.0,1.0,10005.0,25.0,,,10000.0,-82.0
0,64500,PEARLS,9998.0,1.0,9996.0,1.0,9995.0,30.0,10004.0,1.0,10005.0,30.0,,,10001.0,-82.0
0,64600,PEARLS,9996.0,1.0,9995.0,23.0,,,10004.0,1.0,10005.0,23.0,,,10000.0,-82.0
0,64700,PEARLS,9996.0,2.0,9995.0,28.0,,,10002.0,1.0,10004.0,2.0,10005.0,28.0,9999.0,-82.0
0,64800,PEARLS,9996.0,2.0,9995.0,26.0,,,10002.0,4.0,10004.0,2.0,10005.0,26.0,9999.0,-82.0
0,64900,PEARLS,9995.0,30.0,,,,,10005.0,30.0,,,,,10000.0,-82.0
0,65000,PEARLS,9995.0,22.0,,,,,10002.0,3.0,10005.0,22.0,,,9998.5,-82.0
0,65100,PEARLS,9998.0,9.0,9996.0,2.0,9995.0,29.0,10004.0,2.0,10005.0,29.0,,,10001.0,-82.0
0,65200,PEARLS,10002.0,5.0,9995.0,25.0,,,10005.0,25.0,,,,,10003.5,-78.0
0,65300,PEARLS,10002.0,1.0,9998.0,3.0,9996.0,2.0,10004.0,2.0,10005.0,29.0,,,10003.0,-78.0
0,65400,PEARLS,9996.0,1.0,9995.0,24.0,,,9998.0,1.0,10004.0,1.0,10005.0,24.0,9997.0,-76.0
0,65500,PEARLS,9996.0,2.0,9995.0,25.0,,,10002.0,6.0,10004.0,2.0,10005.0,25.0,9999.0,-78.0
0,65600,PEARLS,9998.0,8.0,9995.0,28.0,,,10005.0,28.0,,,,,10001.5,-78.0
0,65700,PEARLS,9995.0,21.0,,,,,10005.0,21.0,,,,,10000.0,-78.0
0,65800,PEARLS,9995.0,29.0,,,,,10005.0,29.0,,,,,10000.0,-78.0
0,65900,PEARLS,9996.0,1.0,9995.0,26.0,,,10004.0,1.0,10005.0,26.0,,,10000.0,-78.0
0,66000,PEARLS,9996.0,1.0,9995.0,20.0,,,9998.0,2.0,10004.0,1.0,10005.0,20.0,9997.0,-78.0
0,66100,PEARLS,9995.0,22.0,,,,,10005.0,22.0,,,,,10000.0,-82.0
0,66200,PEARLS,9995.0,28.0,,,,,10005.0,28.0,,,,,10000.0,-112.0
0,66300,PEARLS,9995.0,25.0,,,,,9998.0,1.0,10005.0,25.0,,,9996.5,-112.0
0,66400,PEARLS,9996.0,1.0,9995.0,28.0,,,10002.0,6.0,10004.0,1.0,10005.0,28.0,9999.0,-112.0
0,66500,PEARLS,9996.0,2.0,9995.0,22.0,,,10004.0,2.0,10005.0,22.0,,,10000.0,-112.0
0,66600,PEARLS,9995.0,25.0,,,,,10002.0,8.0,10005.0,25.0,,,9998.5,-112.0
0,66700,PEARLS,9998.0,1.0,9995.0,30.0,,,10005.0,30.0,,,,,10001.5,-112.0
0,66800,PEARLS,9996.0,2.0,9995.0,22.0,,,9998.0,1.0,10004.0,2.0,10005.0,22.0,9997.0,-112.0
0,66900,PEARLS,9996.0,1.0,9995.0,28.0,,,10004.0,1.0,10005.0,28.0,,,10000.0,-112.0
0,67000,PEARLS,10002.0,4.0,9996.0,2.0,9995.0,30.0,10004.0,2.0,10005.0,30.0,,,10003.0,-112.0
0,67100,PEARLS,9996.0,1.0,9995.0,21.0,,,10002.0,4.0,10004.0,1.0,10005.0,21.0,9999.0,-104.0
0,67200,PEARLS,9996.0,2.0,9995.0,28.0,,,10004.0,2.0,10005.0,28.0,,,10000.0,-108.0
0,67300,PEARLS,9996.0,1.0,9995.0,25.0,,,10002.0,3.0,10004.0,1.0,10005.0,25.0,9999.0,-108.0
0,67400,PEARLS,9996.0,1.0,9995.0,29.0,,,9998.0,5.0,10004.0,1.0,10005.0,29.0,9997.0,-108.0
0,67500,PEARLS,9996.0,1.0,9995.0,28.0,,,10004.0,1.0,10005.0,28.0,,,10000.0,-108.0
0,67600,PEARLS,9996.0,1.0,9995.0,30.0,,,10004.0,1.0,10005.0,30.0,,,10000.0,-108.0
0,67700,PEARLS,10002.0,1.0,9998.0,2.0,9995.0,21.0,10005.0,21.0,,,,,10003.5,-108.0
0,67800,PEARLS,9996.0,2.0,9995.0,21.0,,,9998.0,1.0,10004.0,2.0,10005.0,21.0,9997.0,-106.0
0,67900,PEARLS,9996.0,2.0,9995.0,20.0,,,10002.0,4.0,10004.0,2.0,10005.0,20.0,9999.0,-106.0
0,68000,PEARLS,9995.0,30.0,,,,,10005.0,30.0,,,,,10000.0,-106.0
0,68100,PEARLS,9995.0,26.0,,,,,10005.0,26.0,,,,,10000.0,-106.0
0,68200,PEARLS,9996.0,2.0,9995.0,24.0,,,10004.0,2.0,10005.0,24.0,,,10000.0,-106.0
0,68300,PEARLS,9996.0,1.0,9995.0,26.0,,,10004.0,1.0,10005.0,26.0,,,10000.0,-106.0
0,68400,PEARLS,9998.0,6.0,9995.0,28.0,,,10005.0,28.0,,,,,10001.5,-106.0
0,68500,PEARLS,9998.0,2.0,9996.0,1.0,9995.0,23.0,10004.0,1.0,10005.0,23.0,,,10001.0,-106.0
0,68600,PEARLS,9996.0,1.0,9995.0,30.0,,,10002.0,10.0,10004.0,1.0,10005.0,30.0,9999.0,-106.0
0,68700,PEARLS,10002.0,1.0,9998.0,7.0,9996.0,2.0,10004.0,2.0,10005.0,27.0,,,10003.0,-106.0
0,68800,PEARLS,9995.0,23.0,,,,,10005.0,23.0,,,,,10000.0,-106.0
0,68900,PEARLS,9995.0,21.0,,,,,10005.0,21.0,,,,,10000.0,-106.0
0,69000,PEARLS,9998.0,3.0,9996.0,1.0,9995.0,20.0,10004.0,1.0,10005.0,20.0,,,10001.0,-106.0
0,69100,PEARLS,9995.0,21.0,,,,,10005.0,21.0,,,,,10000.0,-106.0
0,69200,PEARLS,9996.0,1.0,9995.0,26.0,,,10002.0,6.0,10004.0,1.0,10005.0,26.0,9999.0,-106.0
0,69300,PEARLS,9996.0,2.0,9995.0,22.0,,,10004.0,2.0,10005.0,22.0,,,10000.0,-106.0
0,69400,PEARLS,10002.0,4.0,9996.0,1.0,9995.0,27.0,10004.0,1.0,10005.0,27.0,,,10003.0,-106.0
0,69500,PEARLS,10002.0,2.0,9998.0,3.0,9995.0,27.0,10005.0,27.0,,,,,10003.5,-98.0
0,69600,PEARLS,9996.0,1.0,9995.0,24.0,,,10002.0,4.0,10004.0,1.0,10005.0,24.0,9999.0,-94.0
0,69700,PEARLS,9996.0,2.0,9995.0,27.0,,,10004.0,2.0,10005.0,27.0,,,10000.0,-92.0
0,69800,PEARLS,9996.0,2.0,9995.0,26.0,,,10004.0,2.0,10005.0,26.0,,,10000.0,-92.0
0,69900,PEARLS,9995.0,26.0,,,,,10005.0,26.0,,,,,10000.0,-92.0
0,70000,PEARLS,9998.0,10.0,9996.0,1.0,9995.0,28.0,10004.0,1.0,10005.0,28.0,,,10001.0,-92.0
0,70100,PEARLS,9995.0,27.0,,,,,10002.0,6.0,10005.0,27.0,,,9998.5,-92.0
0,70200,PEARLS,9996.0,1.0,9995.0,25.0,,,10000.0,3.0,10004.0,1.0,10005.0,25.0,9998.0,-92.0
0,70300,PEARLS,9995.0,25.0,,,,,10005.0,25.0,,,,,10000.0,-92.0
0,70400,PEARLS,9996.0,2.0,9995.0,29.0,,,10002.0,4.0,10004.0,2.0,10005.0,29.0,9999.0,-82.0
0,70500,PEARLS,9995.0,24.0,,,,,10005.0,24.0,,,,,10000.0,-82.0
0,70600,PEARLS,9996.0,2.0,9995.0,27.0,,,10004.0,2.0,10005.0,27.0,,,10000.0,-82.0
0,70700,PEARLS,9995.0,24.0,,,,,10002.0,2.0,10005.0,24.0,,,9998.5,-90.0
0,70800,PEARLS,9996.0,2.0,9995.0,30.0,,,9998.0,1.0,10004.0,2.0,10005.0,30.0,9997.0,-86.0
0,70900,PEARLS,9995.0,29.0,,,,,10005.0,29.0,,,,,10000.0,-86.0
0,71000,PEARLS,9996.0,2.0,9995.0,29.0,,,10004.0,2.0,10005.0,29.0,,,10000.0,-21.0
0,71100,PEARLS,9996.0,2.0,9995.0,20.0,,,10004.0,2.0,10005.0,20.0,,,10000.0,-21.0
0,71200,PEARLS,9996.0,2.0,9995.0,24.0,,,10004.0,2.0,10005.0,24.0,,,10000.0,-21.0
0,71300,PEARLS,9995.0,20.0,,,,,10005.0,20.0,,,,,10000.0,-21.0
0,71400,PEARLS,9998.0,1.0,9995.0,30.0,,,10005.0,30.0,,,,,10001.5,-21.0
0,71500,PEARLS,9996.0,1.0,9995.0,30.0,,,10004.0,1.0,10005.0,30.0,,,10000.0,-21.0
0,71600,PEARLS,9995.0,22.0,,,,,10005.0,22.0,,,,,10000.0,-21.0
0,71700,PEARLS,9995.0,28.0,,,,,10005.0,28.0,,,,,10000.0,-21.0
0,71800,PEARLS,9996.0,2.0,9995.0,20.0,,,10004.0,2.0,10005.0,20.0,,,10000.0,-21.0
0,71900,PEARLS,9996.0,2.0,9995.0,20.0,,,10004.0,2.0,10005.0,20.0,,,10000.0,-21.0
0,72000,PEARLS,9995.0,29.0,,,,,10002.0,8.0,10005.0,29.0,,,9998.5,-21.0
0,72100,PEARLS,9996.0,2.0,9995.0,26.0,,,10002.0,1.0,10004.0,2.0,10005.0,26.0,9999.0,-21.0
0,72200,PEARLS,9996.0,1.0,9995.0,20.0,,,10004.0,1.0,10005.0,20.0,,,10000.0,-21.0
0,72300,PEARLS,9996.0,1.0,9995.0,29.0,,,10004.0,1.0,10005.0,29.0,,,10000.0,-21.0
0,72400,PEARLS,9995.0,24.0,,,,,10005.0,24.0,,,,,10000.0,-21.0
0,72500,PEARLS,9996.0,2.0,9995.0,28.0,,,10004.0,2.0,10005.0,28.0,,,10000.0,-21.0
0,72600,PEARLS,9996.0,2.0,9995.0,22.0,,,10004.0,2.0,10005.0,22.0,,,10000.0,-17.0
0,72700,PEARLS,9995.0,29.0,,,,,10005.0,29.0,,,,,10000.0,-17.0
0,72800,PEARLS,9995.0,30.0,,,,,10005.0,30.0,,,,,10000.0,-17.0
0,72900,PEARLS,9996.0,1.0,9995.0,23.0,,,10004.0,1.0,10005.0,23.0,,,10000.0,-17.0
0,73000,PEARLS,9996.0,2.0,9995.0,24.0,,,10004.0,2.0,10005.0,24.0,,,10000.0,-17.0
0,73100,PEARLS,9996.0,2.0,9995.0,24.0,,,10002.0,5.0,10004.0,2.0,10005.0,24.0,9999.0,-17.0
0,73200,PEARLS,9996.0,1.0,9995.0,30.0,,,10004.0,1.0,10005.0,30.0,,,10000.0,-17.0
0,73300,PEARLS,9996.0,2.0,9995.0,22.0,,,10004.0,2.0,10005.0,22.0,,,10000.0,-17.0
0,73400,PEARLS,9996.0,1.0,9995.0,29.0,,,9998.0,1.0,10002.0,6.0,10004.0,1.0,9997.0,-17.0
0,73500,PEARLS,9995.0,21.0,,,,,9998.0,1.0,10005.0,21.0,,,9996.5,-19.0
0,73600,PEARLS,10002.0,1.0,9995.0,21.0,,,10005.0,21.0,,,,,10003.5,-19.0
0,73700,PEARLS,9995.0,20.0,,,,,9998.0,10.0,10005.0,20.0,,,9996.5,-19.0
0,73800,PEARLS,10002.0,1.0,9998.0,6.0,9995.0,27.0,10005.0,27.0,,,,,10003.5,-19.0
0,73900,PEARLS,9998.0,3.0,9996.0,2.0,9995.0,22.0,10004.0,2.0,10005.0,22.0,,,10001.0,-19.0
0,74000,PEARLS,9995.0,21.0,,,,,10005.0,21.0,,,,,10000.0,-19.0
0,74100,PEARLS,9998.0,2.0,9996.0,2.0,9995.0,24.0,10004.0,2.0,10005.0,24.0,,,10001.0,-19.0
0,74200,PEARLS,9995.0,29.0,,,,,10005.0,29.0,,,,,10000.0,-19.0
0,74300,PEARLS,9995.0,24.0,,,,,10005.0,24.0,,,,,10000.0,-19.0
0,74400,PEARLS,9995.0,21.0,,,,,10005.0,21.0,,,,,10000.0,-19.0
0,74500,PEARLS,9995.0,27.0,,,,,10005.0,27.0,,,,,10000.0,-19.0
0,74600,PEARLS,9996.0,2.0,9995.0,27.0,,,10004.0,2.0,10005.0,27.0,,,10000.0,-19.0
0,74700,PEARLS,9996.0,2.0,9995.0,20.0,,,9998.0,1.0,10004.0,2.0,10005.0,20.0,9997.0,-11.0
0,74800,PEARLS,9996.0,2.0,9995.0,22.0,,,9998.0,2.0,10004.0,2.0,10005.0,22.0,9997.0,-11.0
0,74900,PEARLS,9996.0,1.0,9995.0,21.0,,,9998.0,1.0,10002.0,3.0,10004.0,1.0,9997.0,-15.0
0,75000,PEARLS,9996.0,2.0,9995.0,23.0,,,10004.0,2.0,10005.0,23.0,,,10000.0,-17.0
0,75100,PEARLS,10002.0,1.0,10000.0,4.0,9998.0,5.0,10004.0,2.0,10005.0,21.0,,,10003.0,-17.0
0,75200,PEARLS,9996.0,1.0,9995.0,28.0,,,10004.0,1.0,10005.0,28.0,,,10000.0,-17.0
0,75300,PEARLS,9995.0,27.0,,,,,10005.0,27.0,,,,,10000.0,-17.0
0,75400,PEARLS,9996.0,2.0,9995.0,26.0,,,10004.0,2.0,10005.0,26.0,,,10000.0,-17.0
0,75500,PEARLS,9996.0,1.0,9995.0,23.0,,,10004.0,1.0,10005.0,23.0,,,10000.0,-17.0
0,75600,PEARLS,9995.0,30.0,,,,,10002.0,9.0,10005.0,30.0,,,9998.5,-17.0
0,75700,PEARLS,9995.0,20.0,,,,,10002.0,1.0,10005.0,20.0,,,9998.5,-17.0
0,75800,PEARLS,9996.0,2.0,9995.0,29.0,,,10004.0,2.0,10005.0,29.0,,,10000.0,-17.0
0,75900,PEARLS,9996.0,1.0,9995.0,20.0,,,10004.0,1.0,10005.0,20.0,,,10000.0,-13.0
0,76000,PEARLS,10000.0,4.0,9995.0,21.0,,,10002.0,9.0,10005.0,21.0,,,10001.0,-13.0
0,76100,PEARLS,9996.0,1.0,9995.0,25.0,,,10004.0,1.0,10005.0,25.0,,,10000.0,-13.0
0,76200,PEARLS,9995.0,20.0,,,,,10005.0,20.0,,,,,10000.0,-13.0
0,76300,PEARLS,9996.0,1.0,9995.0,21.0,,,9998.0,12.0,10004.0,1.0,10005.0,21.0,9997.0,-13.0
0,76400,PEARLS,9996.0,2.0,9995.0,26.0,,,10004.0,2.0,10005.0,26.0,,,10000.0,-13.0
0,76500,PEARLS,9996.0,1.0,9995.0,20.0,,,10004.0,1.0,10005.0,20.0,,,10000.0,-13.0
0,76600,PEARLS,9995.0,30.0,,,,,10005.0,30.0,,,,,10000.0,-13.0
0,76700,PEARLS,9998.0,1.0,9996.0,1.0,9995.0,25.0,10004.0,1.0,10005.0,25.0,,,10001.0,-13.0
0,76800,PEARLS,9996.0,2.0,9995.0,25.0,,,10004.0,2.0,10005.0,25.0,,,10000.0,-13.0
0,76900,PEARLS,9996.0,2.0,9995.0,21.0,,,10004.0,2.0,10005.0,21.0,,,10000.0,-13.0
0,77000,PEARLS,9996.0,2.0,9995.0,30.0,,,10004.0,2.0,10005.0,30.0,,,10000.0,-13.0
0,77100,PEARLS,9996.0,1.0,9995.0,29.0,,,10004.0,1.0,10005.0,29.0,,,10000.0,-13.0
0,77200,PEARLS,9996.0,1.0,9995.0,29.0,,,10004.0,1.0,10005.0,29.0,,,10000.0,-13.0
0,77300,PEARLS,9996.0,1.0,9995.0,23.0,,,10004.0,1.0,10005.0,23.0,,,10000.0,-13.0
0,77400,PEARLS,9996.0,1.0,9995.0,21.0,,,10004.0,1.0,10005.0,21.0,,,10000.0,-13.0
0,77500,PEARLS,9996.0,2.0,9995.0,26.0,,,9998.0,3.0,10004.0,2.0,10005.0,26.0,9997.0,-13.0
0,77600,PEARLS,9996.0,1.0,9995.0,30.0,,,10004.0,1.0,10005.0,30.0,,,10000.0,-13.0
0,77700,PEARLS,9998.0,4.0,9995.0,28.0,,,10005.0,28.0,,,,,10001.5,-15.0
0,77800,PEARLS,9995.0,29.0,,,,,10005.0,29.0,,,,,10000.0,-15.0
0,77900,PEARLS,9996.0,2.0,9995.0,24.0,,,9998.0,1.0,10004.0,2.0,10005.0,24.0,9997.0,-15.0
0,78000,PEARLS,9998.0,2.0,9996.0,1.0,9995.0,27.0,10004.0,1.0,10005.0,27.0,,,10001.0,-15.0
0,78100,PEARLS,10002.0,1.0,9998.0,4.0,9996.0,1.0,10004.0,1.0,10005.0,30.0,,,10003.0,-15.0
0,78200,PEARLS,9998.0,8.0,9996.0,1.0,9995.0,27.0,10004.0,1.0,10005.0,27.0,,,10001.0,-13.0
0,78300,PEARLS,9998.0,3.0,9995.0,28.0,,,10005.0,28.0,,,,,10001.5,-13.0
0,78400,PEARLS,9996.0,2.0,9995.0,26.0,,,10004.0,2.0,10005.0,26.0,,,10000.0,-13.0
0,78500,PEARLS,9995.0,21.0,,,,,10005.0,21.0,,,,,10000.0,15.0
0,78600,PEARLS,9996.0,2.0,9995.0,30.0,,,10004.0,2.0,10005.0,30.0,,,10000.0,15.0
0,78700,PEARLS,9995.0,21.0,,,,,10005.0,21.0,,,,,10000.0,7.0
0,78800,PEARLS,10002.0,8.0,9996.0,2.0,9995.0,27.0,10004.0,2.0,10005.0,27.0,,,10003.0,7.0
0,78900,PEARLS,9996.0,1.0,9995.0,29.0,,,10004.0,1.0,10005.0,29.0,,,10000.0,7.0
0,79000,PEARLS,9996.0,1.0,9995.0,23.0,,,10004.0,1.0,10005.0,23.0,,,10000.0,7.0
0,79100,PEARLS,9995.0,24.0,,,,,10005.0,24.0,,,,,10000.0,7.0
0,79200,PEARLS,9996.0,1.0,9995.0,25.0,,,10004.0,1.0,10005.0,25.0,,,10000.0,7.0
0,79300,PEARLS,9996.0,1.0,9995.0,22.0,,,10004.0,1.0,10005.0,22.0,,,10000.0,7.0
0,79400,PEARLS,9996.0,1.0,9995.0,21.0,,,10004.0,1.0,10005.0,21.0,,,10000.0,3.0
0,79500,PEARLS,9996.0,2.0,9995.0,26.0,,,10004.0,2.0,10005.0,26.0,,,10000.0,3.0
0,79600,PEARLS,9995.0,24.0,,,,,10005.0,24.0,,,,,10000.0,7.0
0,79700,PEARLS,10002.0,12.0,9998.0,1.0,9996.0,2.0,10004.0,2.0,10005.0,29.0,,,10003.0,7.0
0,79800,PEARLS,9996.0,2.0,9995.0,24.0,,,10004.0,2.0,10005.0,24.0,,,10000.0,7.0
0,79900,PEARLS,9998.0,5.0,9996.0,2.0,9995.0,20.0,10004.0,2.0,10005.0,20.0,,,10001.0,7.0
0,80000,PEARLS,9996.0,1.0,9995.0,24.0,,,10004.0,1.0,10005.0,24.0,,,10000.0,3.0
0,80100,PEARLS,9995.0,23.0,,,,,10002.0,5.0,10005.0,23.0,,,9998.5,3.0
0,80200,PEARLS,9996.0,2.0,9995.0,20.0,,,10004.0,2.0,10005.0,20.0,,,10000.0,3.0
0,80300,PEARLS,9995.0,23.0,,,,,10005.0,23.0,,,,,10000.0,-3.0
0,80400,PEARLS,9996.0,1.0,9995.0,21.0,,,9998.0,1.0,10004.0,1.0,10005.0,21.0,9997.0,-3.0
0,80500,PEARLS,10002.0,1.0,9996.0,2.0,9995.0,25.0,10004.0,2.0,10005.0,25.0,,,10003.0,-5.0
0,80600,PEARLS,9995.0,21.0,,,,,9998.0,1.0,10005.0,21.0,,,9996.5,-5.0
0,80700,PEARLS,9996.0,1.0,9995.0,30.0,,,9998.0,1.0,10004.0,1.0,10005.0,30.0,9997.0,-7.0
0,80800,PEARLS,9998.0,8.0,9996.0,1.0,9995.0,29.0,10004.0,1.0,10005.0,29.0,,,10001.0,-9.0
0,80900,PEARLS,9998.0,6.0,9996.0,2.0,9995.0,24.0,10004.0,2.0,10005.0,24.0,,,10001.0,-9.0
0,81000,PEARLS,9995.0,22.0,,,,,10005.0,22.0,,,,,10000.0,-9.0
0,81100,PEARLS,9996.0,2.0,9995.0,24.0,,,10004.0,2.0,10005.0,24.0,,,10000.0,-9.0
0,81200,PEARLS,9996.0,2.0,9995.0,21.0,,,10004.0,2.0,10005.0,21.0,,,10000.0,-9.0
0,81300,PEARLS,9995.0,29.0,,,,,10005.0,29.0,,,,,10000.0,-9.0
0,81400,PEARLS,9996.0,1.0,9995.0,30.0,,,10004.0,1.0,10005.0,30.0,,,10000.0,-9.0
0,81500,PEARLS,10002.0,1.0,9996.0,2.0,9995.0,28.0,10004.0,2.0,10005.0,28.0,,,10003.0,-9.0
0,81600,PEARLS,9996.0,1.0,9995.0,24.0,,,10004.0,1.0,10005.0,24.0,,,10000.0,-7.0
0,81700,PEARLS,9998.0,4.0,9995.0,26.0,,,10005.0,26.0,,,,,10001.5,-7.0
0,81800,PEARLS,9996.0,2.0,9995.0,26.0,,,10004.0,2.0,10005.0,26.0,,,10000.0,-7.0
0,81900,PEARLS,9996.0,1.0,9995.0,23.0,,,10004.0,1.0,10005.0,23.0,,,10000.0,-7.0
0,82000,PEARLS,9996.0,1.0,9995.0,23.0,,,10004.0,1.0,10005.0,23.0,,,10000.0,-7.0
0,82100,PEARLS,9998.0,1.0,9996.0,2.0,9995.0,22.0,10004.0,2.0,10005.0,22.0,,,10001.0,-7.0
0,82200,PEARLS,9995.0,24.0,,,,,10005.0,24.0,,,,,10000.0,-15.0
0,82300,PEARLS,9998.0,2.0,9995.0,30.0,,,10005.0,30.0,,,,,10001.5,-15.0
0,82400,PEARLS,9998.0,8.0,9995.0,25.0,,,10005.0,25.0,,,,,10001.5,-15.0
0,82500,PEARLS,9995.0,26.0,,,,,10005.0,26.0,,,,,10000.0,-15.0
0,82600,PEARLS,10002.0,1.0,9996.0,1.0,9995.0,25.0,10004.0,1.0,10005.0,25.0,,,10003.0,-15.0
0,82700,PEARLS,9996.0,1.0,9995.0,27.0,,,10004.0,1.0,10005.0,27.0,,,10000.0,-15.0
0,82800,PEARLS,9996.0,2.0,9995.0,21.0,,,10004.0,2.0,10005.0,21.0,,,10000.0,-15.0
0,82900,PEARLS,9996.0,1.0,9995.0,21.0,,,10002.0,2.0,10004.0,1.0,10005.0,21.0,9999.0,-15.0
0,83000,PEARLS,9998.0,8.0,9995.0,23.0,,,10005.0,23.0,,,,,10001.5,-17.0
0,83100,PEARLS,9995.0,28.0,,,,,9998.0,1.0,10005.0,28.0,,,9996.5,-17.0
0,83200,PEARLS,9998.0,7.0,9995.0,30.0,,,10005.0,30.0,,,,,10001.5,-17.0
0,83300,PEARLS,9995.0,30.0,,,,,10002.0,2.0,10005.0,30.0,,,9998.5,-17.0
0,83400,PEARLS,10002.0,1.0,9996.0,1.0,9995.0,26.0,10004.0,1.0,10005.0,26.0,,,10003.0,-17.0
0,83500,PEARLS,9996.0,2.0,9995.0,22.0,,,10002.0,7.0,10004.0,2.0,10005.0,22.0,9999.0,-15.0
0,83600,PEARLS,9995.0,27.0,,,,,10005.0,27.0,,,,,10000.0,-15.0
0,83700,PEARLS,10002.0,1.0,9995.0,29.0,,,10005.0,29.0,,,,,10003.5,-15.0
0,83800,PEARLS,9995.0,24.0,,,,,10005.0,24.0,,,,,10000.0,-15.0
0,83900,PEARLS,9995.0,25.0,,,,,10002.0,1.0,10005.0,25.0,,,9998.5,-10.0
0,84000,PEARLS,9996.0,1.0,9995.0,21.0,,,10004.0,1.0,10005.0,21.0,,,10000.0,-10.0
0,84100,PEARLS,10002.0,1.0,9996.0,1.0,9995.0,23.0,10004.0,1.0,10005.0,23.0,,,10003.0,-10.0
0,84200,PEARLS,9996.0,1.0,9995.0,29.0,,,10002.0,8.0,10004.0,1.0,10005.0,29.0,9999.0,-8.0
0,84300,PEARLS,9996.0,2.0,9995.0,24.0,,,10004.0,2.0,10005.0,24.0,,,10000.0,-8.0
0,84400,PEARLS,9996.0,1.0,9995.0,23.0,,,10002.0,6.0,10004.0,1.0,10005.0,23.0,9999.0,-8.0
0,84500,PEARLS,9996.0,1.0,9995.0,27.0,,,10002.0,8.0,10004.0,1.0,10005.0,27.0,9999.0,-8.0
0,84600,PEARLS,9995.0,21.0,,,,,10005.0,21.0,,,,,10000.0,-12.0
0,84700,PEARLS,9998.0,3.0,9996.0,2.0,9995.0,30.0,10004.0,2.0,10005.0,30.0,,,10001.0,-12.0
0,84800,PEARLS,10002.0,1.0,9996.0,1.0,9995.0,22.0,10004.0,1.0,10005.0,22.0,,,10003.0,-12.0
0,84900,PEARLS,9996.0,1.0,9995.0,28.0,,,10004.0,1.0,10005.0,28.0,,,10000.0,-10.0
0,85000,PEARLS,9995.0,29.0,,,,,10005.0,29.0,,,,,10000.0,-10.0
0,85100,PEARLS,9996.0,2.0,9995.0,20.0,,,10002.0,8.0,10004.0,2.0,10005.0,20.0,9999.0,-10.0
0,85200,PEARLS,9996.0,2.0,9995.0,25.0,,,10002.0,9.0,10004.0,2.0,10005.0,25.0,9999.0,-10.0
0,85300,PEARLS,9995.0,22.0,,,,,10002.0,4.0,10005.0,22.0,,,9998.5,-8.0
0,85400,PEARLS,9995.0,29.0,,,,,10005.0,29.0,,,,,10000.0,-8.0
0,85500,PEARLS,9998.0,7.0,9996.0,2.0,9995.0,30.0,10004.0,2.0,10005.0,30.0,,,10001.0,-8.0
0,85600,PEARLS,9996.0,2.0,9995.0,25.0,,,10002.0,7.0,10004.0,2.0,10005.0,25.0,9999.0,-22.0
0,85700,PEARLS,9996.0,2.0,9995.0,20.0,,,10004.0,2.0,10005.0,20.0,,,10000.0,-30.0
0,85800,PEARLS,10002.0,1.0,9998.0,1.0,9996.0,2.0,10004.0,2.0,10005.0,20.0,,,10003.0,-30.0
0,85900,PEARLS,9996.0,1.0,9995.0,20.0,,,10004.0,1.0,10005.0,20.0,,,10000.0,-28.0
0,86000,PEARLS,9996.0,1.0,9995.0,20.0,,,10004.0,1.0,10005.0,20.0,,,10000.0,-32.0
0,86100,PEARLS,9996.0,2.0,9995.0,20.0,,,10004.0,2.0,10005.0,20.0,,,10000.0,-32.0
0,86200,PEARLS,9995.0,22.0,,,,,9998.0,2.0,10005.0,22.0,,,9996.5,-32.0
0,86300,PEARLS,9998.0,4.0,9996.0,2.0,9995.0,21.0,10004.0,2.0,10005.0,21.0,,,10001.0,-36.0
0,86400,PEARLS,9995.0,23.0,,,,,10005.0,23.0,,,,,10000.0,-36.0
0,86500,PEARLS,9998.0,8.0,9996.0,2.0,9995.0,28.0,10004.0,2.0,10005.0,28.0,,,10001.0,-36.0
0,86600,PEARLS,9995.0,27.0,,,,,10002.0,1.0,10005.0,27.0,,,9998.5,-36.0
0,86700,PEARLS,9995.0,26.0,,,,,10005.0,26.0,,,,,10000.0,-36.0
0,86800,PEARLS,9996.0,1.0,9995.0,20.0,,,9998.0,2.0,10004.0,1.0,10005.0,20.0,9997.0,-36.0
0,86900,PEARLS,9998.0,7.0,9996.0,2.0,9995.0,30.0,10000.0,2.0,10004.0,2.0,10005.0,30.0,9999.0,-36.0
0,87000,PEARLS,9996.0,2.0,9995.0,26.0,,,10000.0,5.0,10002.0,10.0,10004.0,2.0,9998.0,-36.0
0,87100,PEARLS,9996.0,2.0,9995.0,30.0,,,9998.0,1.0,10000.0,5.0,10002.0,4.0,9997.0,-36.0
0,87200,PEARLS,9995.0,27.0,,,,,10005.0,27.0,,,,,10000.0,-38.0
0,87300,PEARLS,9996.0,2.0,9995.0,29.0,,,10004.0,2.0,10005.0,29.0,,,10000.0,-38.0
0,87400,PEARLS,9998.0,4.0,9995.0,30.0,,,10005.0,30.0,,,,,10001.5,-38.0
0,87500,PEARLS,9995.0,22.0,,,,,10005.0,22.0,,,,,10000.0,-38.0
0,87600,PEARLS,9996.0,1.0,9995.0,25.0,,,10004.0,1.0,10005.0,25.0,,,10000.0,-38.0
0,87700,PEARLS,9995.0,23.0,,,,,10005.0,23.0,,,,,10000.0,-38.0
0,87800,PEARLS,9996.0,2.0,9995.0,25.0,,,10004.0,2.0,10005.0,25.0,,,10000.0,-38.0
0,87900,PEARLS,9995.0,22.0,,,,,10005.0,22.0,,,,,10000.0,-38.0
0,88000,PEARLS,9998.0,10.0,9996.0,2.0,9995.0,26.0,10004.0,2.0,10005.0,26.0,,,10001.0,-38.0
0,88100,PEARLS,9996.0,1.0,9995.0,30.0,,,10004.0,1.0,10005.0,30.0,,,10000.0,-38.0
0,88200,PEARLS,9995.0,24.0,,,,,10005.0,24.0,,,,,10000.0,-38.0
0,88300,PEARLS,9996.0,2.0,9995.0,27.0,,,10004.0,2.0,10005.0,27.0,,,10000.0,-38.0
0,88400,PEARLS,9996.0,1.0,9995.0,21.0,,,10002.0,9.0,10004.0,1.0,10005.0,21.0,9999.0,-38.0
0,88500,PEARLS,10002.0,1.0,9996.0,2.0,9995.0,22.0,10004.0,2.0,10005.0,22.0,,,10003.0,-38.0
0,88600,PEARLS,10002.0,1.0,9996.0,1.0,9995.0,21.0,10004.0,1.0,10005.0,21.0,,,10003.0,-36.0
0,88700,PEARLS,9995.0,28.0,,,,,10005.0,28.0,,,,,10000.0,-34.0
0,88800,PEARLS,9996.0,1.0,9995.0,29.0,,,10004.0,1.0,10005.0,29.0,,,10000.0,-74.0
0,88900,PEARLS,10002.0,4.0,9996.0,2.0,9995.0,29.0,10004.0,2.0,10005.0,29.0,,,10003.0,-72.0
0,89000,PEARLS,9996.0,2.0,9995.0,26.0,,,10004.0,2.0,10005.0,26.0,,,10000.0,-64.0
0,89100,PEARLS,9995.0,24.0,,,,,10005.0,24.0,,,,,10000.0,-64.0
0,89200,PEARLS,9995.0,25.0,,,,,10005.0,25.0,,,,,10000.0,-54.0
0,89300,PEARLS,9996.0,2.0,9995.0,26.0,,,10004.0,2.0,10005.0,26.0,,,10000.0,-54.0
0,89400,PEARLS,9996.0,2.0,9995.0,21.0,,,10004.0,2.0,10005.0,21.0,,,10000.0,-62.0
0,89500,PEARLS,9996.0,2.0,9995.0,26.0,,,10004.0,2.0,10005.0,26.0,,,10000.0,-62.0
0,89600,PEARLS,9998.0,3.0,9996.0,1.0,9995.0,25.0,10004.0,1.0,10005.0,25.0,,,10001.0,-62.0
0,89700,PEARLS,9995.0,21.0,,,,,10002.0,5.0,10005.0,21.0,,,9998.5,-62.0
0,89800,PEARLS,10000.0,5.0,9998.0,6.0,9996.0,1.0,10004.0,1.0,10005.0,30.0,,,10002.0,-64.0
0,89900,PEARLS,9998.0,5.0,9996.0,2.0,9995.0,20.0,10004.0,2.0,10005.0,20.0,,,10001.0,-50.0
0,90000,PEARLS,9995.0,29.0,,,,,10005.0,29.0,,,,,10000.0,-50.0
0,90100,PEARLS,9996.0,1.0,9995.0,21.0,,,10004.0,1.0,10005.0,21.0,,,10000.0,-50.0
0,90200,PEARLS,9998.0,2.0,9996.0,2.0,9995.0,22.0,10004.0,2.0,10005.0,22.0,,,10001.0,-56.0
0,90300,PEARLS,9998.0,4.0,9995.0,28.0,,,10005.0,28.0,,,,,10001.5,-56.0
0,90400,PEARLS,9996.0,1.0,9995.0,25.0,,,10004.0,1.0,10005.0,25.0,,,10000.0,-56.0
0,90500,PEARLS,9996.0,2.0,9995.0,25.0,,,10004.0,2.0,10005.0,25.0,,,10000.0,-60.0
0,90600,PEARLS,9995.0,24.0,,,,,10005.0,24.0,,,,,10000.0,-60.0
0,90700,PEARLS,9996.0,1.0,9995.0,22.0,,,9998.0,4.0,10002.0,6.0,10004.0,1.0,9997.0,-60.0
0,90800,PEARLS,9996.0,2.0,9995.0,25.0,,,10004.0,2.0,10005.0,25.0,,,10000.0,-60.0
0,90900,PEARLS,9995.0,23.0,,,,,10002.0,8.0,10005.0,23.0,,,9998.5,-60.0
0,91000,PEARLS,9996.0,2.0,9995.0,27.0,,,10004.0,2.0,10005.0,27.0,,,10000.0,-60.0
0,91100,PEARLS,9996.0,1.0,9995.0,28.0,,,10004.0,1.0,10005.0,28.0,,,10000.0,-60.0
0,91200,PEARLS,9996.0,2.0,9995.0,22.0,,,10000.0,2.0,10004.0,2.0,10005.0,22.0,9998.0,-58.0
0,91300,PEARLS,9996.0,2.0,9995.0,28.0,,,9998.0,2.0,10004.0,2.0,10005.0,28.0,9997.0,-74.0
0,91400,PEARLS,10002.0,1.0,9995.0,27.0,,,10005.0,27.0,,,,,10003.5,-78.0
0,91500,PEARLS,9996.0,1.0,9995.0,29.0,,,10004.0,1.0,10005.0,29.0,,,10000.0,-78.0
0,91600,PEARLS,9995.0,22.0,,,,,9998.0,1.0,10005.0,22.0,,,9996.5,-78.0
0,91700,PEARLS,9996.0,1.0,9995.0,30.0,,,10004.0,1.0,10005.0,30.0,,,10000.0,-80.0
0,91800,PEARLS,9996.0,1.0,9995.0,29.0,,,9998.0,3.0,10004.0,1.0,10005.0,29.0,9997.0,-80.0
0,91900,PEARLS,9998.0,2.0,9995.0,24.0,,,10005.0,24.0,,,,,10001.5,-88.0
0,92000,PEARLS,9998.0,7.0,9996.0,1.0,9995.0,25.0,10004.0,1.0,10005.0,25.0,,,10001.0,-88.0
0,92100,PEARLS,9996.0,2.0,9995.0,21.0,,,10004.0,2.0,10005.0,21.0,,,10000.0,-88.0
0,92200,PEARLS,9996.0,2.0,9995.0,24.0,,,10004.0,2.0,10005.0,24.0,,,10000.0,-88.0
0,92300,PEARLS,10002.0,1.0,9995.0,27.0,,,10005.0,27.0,,,,,10003.5,-88.0
0,92400,PEARLS,9996.0,1.0,9995.0,21.0,,,10004.0,1.0,10005.0,21.0,,,10000.0,-88.0
0,92500,PEARLS,9996.0,2.0,9995.0,20.0,,,10002.0,9.0,10004.0,2.0,10005.0,20.0,9999.0,-88.0
0,92600,PEARLS,9995.0,26.0,,,,,10005.0,26.0,,,,,10000.0,-88.0
0,92700,PEARLS,9995.0,21.0,,,,,10005.0,21.0,,,,,10000.0,-88.0
0,92800,PEARLS,9995.0,20.0,,,,,10005.0,20.0,,,,,10000.0,-88.0
0,92900,PEARLS,9995.0,25.0,,,,,10002.0,1.0,10005.0,25.0,,,9998.5,-88.0
0,93000,PEARLS,9996.0,2.0,9995.0,23.0,,,10002.0,3.0,10004.0,2.0,10005.0,23.0,9999.0,-88.0
0,93100,PEARLS,9996.0,2.0,9995.0,26.0,,,10004.0,2.0,10005.0,26.0,,,10000.0,-88.0
0,93200,PEARLS,10002.0,3.0,9996.0,2.0,9995.0,28.0,10004.0,2.0,10005.0,28.0,,,10003.0,-88.0
0,93300,PEARLS,9996.0,1.0,9995.0,29.0,,,10002.0,8.0,10004.0,1.0,10005.0,29.0,9999.0,-22.0
0,93400,PEARLS,9995.0,30.0,,,,,10005.0,30.0,,,,,10000.0,-22.0
0,93500,PEARLS,9995.0,20.0,,,,,10002.0,6.0,10005.0,20.0,,,9998.5,-22.0
0,93600,PEARLS,9996.0,1.0,9995.0,20.0,,,10000.0,2.0,10004.0,1.0,10005.0,20.0,9998.0,-22.0
0,93700,PEARLS,9996.0,2.0,9995.0,23.0,,,10004.0,2.0,10005.0,23.0,,,10000.0,-22.0
0,93800,PEARLS,9996.0,1.0,9995.0,25.0,,,10004.0,1.0,10005.0,25.0,,,10000.0,-22.0
0,93900,PEARLS,10002.0,1.0,9996.0,1.0,9995.0,27.0,10004.0,1.0,10005.0,27.0,,,10003.0,-22.0
0,94000,PEARLS,9996.0,1.0,9995.0,20.0,,,10004.0,1.0,10005.0,20.0,,,10000.0,-22.0
0,94100,PEARLS,9995.0,27.0,,,,,10005.0,27.0,,,,,10000.0,-22.0
0,94200,PEARLS,9998.0,10.0,9996.0,1.0,9995.0,22.0,10004.0,1.0,10005.0,22.0,,,10001.0,-22.0
0,94300,PEARLS,9995.0,26.0,,,,,10002.0,9.0,10005.0,26.0,,,9998.5,-22.0
0,94400,PEARLS,9998.0,3.0,9996.0,2.0,9995.0,27.0,10004.0,2.0,10005.0,27.0,,,10001.0,-24.0
0,94500,PEARLS,9995.0,20.0,,,,,10005.0,20.0,,,,,10000.0,-24.0
0,94600,PEARLS,9995.0,25.0,,,,,10005.0,25.0,,,,,10000.0,-24.0
0,94700,PEARLS,9995.0,20.0,,,,,10005.0,20.0,,,,,10000.0,-24.0
0,94800,PEARLS,9996.0,1.0,9995.0,23.0,,,10004.0,1.0,10005.0,23.0,,,10000.0,-24.0
0,94900,PEARLS,10002.0,1.0,9996.0,2.0,9995.0,28.0,10004.0,2.0,10005.0,28.0,,,10003.0,-24.0
0,95000,PEARLS,9995.0,28.0,,,,,10005.0,28.0,,,,,10000.0,-24.0
0,95100,PEARLS,9996.0,1.0,9995.0,20.0,,,9998.0,1.0,10004.0,1.0,10005.0,20.0,9997.0,-24.0
0,95200,PEARLS,9998.0,9.0,9996.0,1.0,9995.0,21.0,10004.0,1.0,10005.0,21.0,,,10001.0,-24.0
0,95300,PEARLS,9996.0,1.0,9995.0,22.0,,,10004.0,1.0,10005.0,22.0,,,10000.0,-24.0
0,95400,PEARLS,9996.0,1.0,9995.0,30.0,,,10004.0,1.0,10005.0,30.0,,,10000.0,-24.0
0,95500,PEARLS,9998.0,1.0,9996.0,1.0,9995.0,27.0,10004.0,1.0,10005.0,27.0,,,10001.0,-26.0
0,95600,PEARLS,9995.0,23.0,,,,,10005.0,23.0,,,,,10000.0,-26.0
0,95700,PEARLS,9996.0,2.0,9995.0,24.0,,,9998.0,1.0,10004.0,2.0,10005.0,24.0,9997.0,-26.0
0,95800,PEARLS,9996.0,2.0,9995.0,26.0,,,9998.0,1.0,10004.0,2.0,10005.0,26.0,9997.0,-28.0
0,95900,PEARLS,9995.0,25.0,,,,,9998.0,1.0,10005.0,25.0,,,9996.5,-38.0
0,96000,PEARLS,9996.0,2.0,9995.0,28.0,,,10004.0,2.0,10005.0,28.0,,,10000.0,-38.0
0,96100,PEARLS,9996.0,2.0,9995.0,20.0,,,10002.0,4.0,10004.0,2.0,10005.0,20.0,9999.0,-38.0
0,96200,PEARLS,9996.0,1.0,9995.0,21.0,,,10004.0,1.0,10005.0,21.0,,,10000.0,-38.0
0,96300,PEARLS,10002.0,1.0,9995.0,22.0,,,10005.0,22.0,,,,,10003.5,-38.0
0,96400,PEARLS,9996.0,2.0,9995.0,30.0,,,10004.0,2.0,10005.0,30.0,,,10000.0,-38.0
0,96500,PEARLS,9998.0,5.0,9995.0,30.0,,,10005.0,30.0,,,,,10001.5,-38.0
0,96600,PEARLS,10002.0,1.0,9998.0,5.0,9995.0,20.0,10005.0,20.0,,,,,10003.5,-38.0
0,96700,PEARLS,9996.0,1.0,9995.0,23.0,,,10004.0,1.0,10005.0,23.0,,,10000.0,-36.0
0,96800,PEARLS,9995.0,26.0,,,,,10005.0,26.0,,,,,10000.0,-36.0
0,96900,PEARLS,9995.0,28.0,,,,,10005.0,28.0,,,,,10000.0,-36.0
0,97000,PEARLS,9998.0,5.0,9996.0,2.0,9995.0,20.0,10004.0,2.0,10005.0,20.0,,,10001.0,-36.0
0,97100,PEARLS,9996.0,2.0,9995.0,30.0,,,10004.0,2.0,10005.0,30.0,,,10000.0,-36.0
0,97200,PEARLS,9996.0,2.0,9995.0,20.0,,,10002.0,8.0,10004.0,2.0,10005.0,20.0,9999.0,-32.0
0,97300,PEARLS,9998.0,1.0,9996.0,1.0,9995.0,27.0,10004.0,1.0,10005.0,27.0,,,10001.0,-32.0
0,97400,PEARLS,9996.0,2.0,9995.0,21.0,,,10004.0,2.0,10005.0,21.0,,,10000.0,-32.0
0,97500,PEARLS,9996.0,2.0,9995.0,22.0,,,10004.0,2.0,10005.0,22.0,,,10000.0,-32.0
0,97600,PEARLS,9995.0,26.0,,,,,10005.0,26.0,,,,,10000.0,-32.0
0,97700,PEARLS,9996.0,1.0,9995.0,26.0,,,10004.0,1.0,10005.0,26.0,,,10000.0,-32.0
0,97800,PEARLS,9995.0,24.0,,,,,10005.0,24.0,,,,,10000.0,-32.0
0,97900,PEARLS,9998.0,3.0,9995.0,28.0,,,10005.0,28.0,,,,,10001.5,-27.0
0,98000,PEARLS,9996.0,1.0,9995.0,21.0,,,9998.0,1.0,10004.0,1.0,10005.0,21.0,9997.0,-27.0
0,98100,PEARLS,9998.0,2.0,9996.0,2.0,9995.0,28.0,10004.0,2.0,10005.0,28.0,,,10001.0,-27.0
0,98200,PEARLS,9996.0,1.0,9995.0,20.0,,,9998.0,5.0,10004.0,1.0,10005.0,20.0,9997.0,-27.0
0,98300,PEARLS,9996.0,1.0,9995.0,27.0,,,10004.0,1.0,10005.0,27.0,,,10000.0,-27.0
0,98400,PEARLS,9998.0,6.0,9995.0,23.0,,,10005.0,23.0,,,,,10001.5,-27.0
0,98500,PEARLS,9996.0,2.0,9995.0,25.0,,,10004.0,2.0,10005.0,25.0,,,10000.0,-27.0
0,98600,PEARLS,10002.0,4.0,9996.0,2.0,9995.0,29.0,10004.0,2.0,10005.0,29.0,,,10003.0,-27.0
0,98700,PEARLS,9996.0,2.0,9995.0,25.0,,,10004.0,2.0,10005.0,25.0,,,10000.0,-27.0
0,98800,PEARLS,9996.0,1.0,9995.0,20.0,,,9998.0,1.0,10004.0,1.0,10005.0,20.0,9997.0,-19.0
0,98900,PEARLS,9996.0,1.0,9995.0,24.0,,,10004.0,1.0,10005.0,24.0,,,10000.0,-29.0
0,99000,PEARLS,9996.0,2.0,9995.0,22.0,,,10004.0,2.0,10005.0,22.0,,,10000.0,-29.0
0,99100,PEARLS,9998.0,5.0,9996.0,2.0,9995.0,26.0,10004.0,2.0,10005.0,26.0,,,10001.0,-29.0
0,99200,PEARLS,9996.0,1.0,9995.0,23.0,,,9998.0,3.0,10004.0,1.0,10005.0,23.0,9997.0,-29.0
0,99300,PEARLS,9995.0,27.0,,,,,10002.0,8.0,10005.0,27.0,,,9998.5,-29.0
0,99400,PEARLS,9995.0,27.0,,,,,9998.0,5.0,10005.0,27.0,,,9996.5,-29.0
0,99500,PEARLS,9996.0,1.0,9995.0,22.0,,,10004.0,1.0,10005.0,22.0,,,10000.0,-29.0
0,99600,PEARLS,9998.0,6.0,9995.0,28.0,,,10005.0,28.0,,,,,10001.5,-29.0
0,99700,PEARLS,10002.0,1.0,9998.0,1.0,9996.0,1.0,10004.0,1.0,10005.0,28.0,,,10003.0,-29.0
0,99800,PEARLS,9998.0,3.0,9996.0,1.0,9995.0,25.0,10004.0,1.0,10005.0,25.0,,,10001.0,-31.0
0,99900,PEARLS,9996.0,2.0,9995.0,24.0,,,10004.0,2.0,10005.0,24.0,,,10000.0,-31.0
0,100000,PEARLS,9998.0,3.0,9995.0,22.0,,,10005.0,22.0,,,,,10001.5,-31.0
0,100100,PEARLS,9996.0,1.0,9995.0,25.0,,,10004.0,1.0,10005.0,25.0,,,10000.0,-31.0
0,100200,PEARLS,9995.0,30.0,,,,,10005.0,30.0,,,,,10000.0,-31.0
0,100300,PEARLS,9996.0,2.0,9995.0,26.0,,,10004.0,2.0,10005.0,26.0,,,10000.0,-31.0
0,100400,PEARLS,9996.0,1.0,9995.0,24.0,,,9998.0,9.0,10004.0,1.0,10005.0,24.0,9997.0,-33.0
0,100500,PEARLS,9996.0,2.0,9995.0,25.0,,,10004.0,2.0,10005.0,25.0,,,10000.0,-33.0
0,100600,PEARLS,9996.0,2.0,9995.0,21.0,,,9998.0,1.0,10004.0,2.0,10005.0,21.0,9997.0,-33.0
0,100700,PEARLS,9995.0,30.0,,,,,10005.0,30.0,,,,,10000.0,-35.0
0,100800,PEARLS,9996.0,1.0,9995.0,22.0,,,10002.0,2.0,10004.0,1.0,10005.0,22.0,9999.0,-35.0
0,100900,PEARLS,9995.0,24.0,,,,,10002.0,1.0,10005.0,24.0,,,9998.5,-35.0
0,101000,PEARLS,9998.0,6.0,9996.0,2.0,9995.0,20.0,10004.0,2.0,10005.0,20.0,,,10001.0,-33.0
0,101100,PEARLS,9995.0,27.0,,,,,10005.0,27.0,,,,,10000.0,-33.0
0,101200,PEARLS,9995.0,28.0,,,,,10005.0,28.0,,,,,10000.0,-33.0
0,101300,PEARLS,9995.0,20.0,,,,,10005.0,20.0,,,,,10000.0,-33.0
0,101400,PEARLS,9995.0,21.0,,,,,9998.0,2.0,10005.0,21.0,,,9996.5,-33.0
0,101500,PEARLS,9998.0,10.0,9996.0,1.0,9995.0,20.0,10004.0,1.0,10005.0,20.0,,,10001.0,-33.0
0,101600,PEARLS,9996.0,2.0,9995.0,22.0,,,10002.0,4.0,10004.0,2.0,10005.0,22.0,9999.0,-33.0
0,101700,PEARLS,10002.0,1.0,9996.0,1.0,9995.0,26.0,10004.0,1.0,10005.0,26.0,,,10003.0,-33.0
0,101800,PEARLS,9996.0,2.0,9995.0,29.0,,,10002.0,1.0,10004.0,2.0,10005.0,29.0,9999.0,-31.0
0,101900,PEARLS,9996.0,2.0,9995.0,23.0,,,10004.0,2.0,10005.0,23.0,,,10000.0,-31.0
0,102000,PEARLS,9996.0,1.0,9995.0,27.0,,,10004.0,1.0,10005.0,27.0,,,10000.0,-31.0
0,102100,PEARLS,9996.0,2.0,9995.0,27.0,,,10000.0,4.0,10002.0,10.0,10004.0,2.0,9998.0,-31.0
0,102200,PEARLS,9996.0,1.0,9995.0,25.0,,,10004.0,1.0,10005.0,25.0,,,10000.0,-31.0
0,102300,PEARLS,9998.0,6.0,9995.0,28.0,,,10005.0,28.0,,,,,10001.5,-31.0
0,102400,PEARLS,9996.0,1.0,9995.0,27.0,,,10004.0,1.0,10005.0,27.0,,,10000.0,-26.0
0,102500,PEARLS,9996.0,1.0,9995.0,26.0,,,10004.0,1.0,10005.0,26.0,,,10000.0,-26.0
0,102600,PEARLS,9998.0,1.0,9995.0,28.0,,,10005.0,28.0,,,,,10001.5,-28.0
0,102700,PEARLS,9998.0,1.0,9995.0,21.0,,,10005.0,21.0,,,,,10001.5,-28.0
0,102800,PEARLS,9995.0,27.0,,,,,10005.0,27.0,,,,,10000.0,-28.0
0,102900,PEARLS,9996.0,1.0,9995.0,24.0,,,10002.0,5.0,10004.0,1.0,10005.0,24.0,9999.0,-28.0
0,103000,PEARLS,9995.0,27.0,,,,,10005.0,27.0,,,,,10000.0,-28.0
0,103100,PEARLS,9996.0,1.0,9995.0,21.0,,,10000.0,6.0,10004.0,1.0,10005.0,21.0,9998.0,-28.0
0,103200,PEARLS,9995.0,30.0,,,,,10005.0,30.0,,,,,10000.0,-28.0
0,103300,PEARLS,9996.0,1.0,9995.0,21.0,,,10004.0,1.0,10005.0,21.0,,,10000.0,-28.0
0,103400,PEARLS,9996.0,2.0,9995.0,25.0,,,10004.0,2.0,10005.0,25.0,,,10000.0,-28.0
0,103500,PEARLS,9996.0,1.0,9995.0,26.0,,,10004.0,1.0,10005.0,26.0,,,10000.0,-28.0
0,103600,PEARLS,9996.0,1.0,9995.0,26.0,,,9998.0,4.0,10002.0,7.0,10004.0,1.0,9997.0,-28.0
0,103700,PEARLS,9995.0,30.0,,,,,9998.0,1.0,10002.0,8.0,10005.0,30.0,9996.5,-28.0
0,103800,PEARLS,9996.0,2.0,9995.0,30.0,,,10004.0,2.0,10005.0,30.0,,,10000.0,-30.0
0,103900,PEARLS,9998.0,3.0,9996.0,1.0,9995.0,27.0,10004.0,1.0,10005.0,27.0,,,10001.0,-32.0
0,104000,PEARLS,9996.0,1.0,9995.0,21.0,,,9998.0,2.0,10004.0,1.0,10005.0,21.0,9997.0,-32.0
0,104100,PEARLS,9996.0,1.0,9995.0,30.0,,,10004.0,1.0,10005.0,30.0,,,10000.0,-36.0
0,104200,PEARLS,9996.0,2.0,9995.0,29.0,,,10004.0,2.0,10005.0,29.0,,,10000.0,-36.0
0,104300,PEARLS,9996.0,1.0,9995.0,20.0,,,10004.0,1.0,10005.0,20.0,,,10000.0,-36.0
0,104400,PEARLS,9996.0,1.0,9995.0,23.0,,,10000.0,6.0,10002.0,2.0,10004.0,1.0,9998.0,-36.0
0,104500,PEARLS,9996.0,2.0,9995.0,29.0,,,10004.0,2.0,10005.0,29.0,,,10000.0,-36.0
0,104600,PEARLS,9996.0,1.0,9995.0,25.0,,,10004.0,1.0,10005.0,25.0,,,10000.0,-36.0
0,104700,PEARLS,9995.0,30.0,,,,,10005.0,30.0,,,,,10000.0,-36.0
0,104800,PEARLS,9998.0,4.0,9995.0,21.0,,,10005.0,21.0,,,,,10001.5,-40.0
0,104900,PEARLS,9998.0,5.0,9996.0,1.0,9995.0,23.0,10004.0,1.0,10005.0,23.0,,,10001.0,-40.0
0,105000,PEARLS,9995.0,21.0,,,,,10005.0,21.0,,,,,10000.0,-40.0
0,105100,PEARLS,10002.0,1.0,9995.0,22.0,,,10005.0,22.0,,,,,10003.5,-65.0
0,105200,PEARLS,9996.0,2.0,9995.0,28.0,,,10004.0,2.0,10005.0,28.0,,,10000.0,-65.0
0,105300,PEARLS,9996.0,1.0,9995.0,30.0,,,10004.0,1.0,10005.0,30.0,,,10000.0,-65.0
0,105400,PEARLS,9996.0,2.0,9995.0,21.0,,,10004.0,2.0,10005.0,21.0,,,10000.0,-65.0
0,105500,PEARLS,9996.0,2.0,9995.0,27.0,,,10004.0,2.0,10005.0,27.0,,,10000.0,-65.0
0,105600,PEARLS,9995.0,28.0,,,,,10005.0,28.0,,,,,10000.0,-65.0
0,105700,PEARLS,9995.0,29.0,,,,,10002.0,2.0,10005.0,29.0,,,9998.5,-71.0
0,105800,PEARLS,9996.0,2.0,9995.0,30.0,,,10004.0,2.0,10005.0,30.0,,,10000.0,-71.0
0,105900,PEARLS,10002.0,1.0,9995.0,23.0,,,10005.0,23.0,,,,,10003.5,-71.0
0,106000,PEARLS,9998.0,5.0,9996.0,2.0,9995.0,26.0,10004.0,2.0,10005.0,26.0,,,10001.0,-71.0
0,106100,PEARLS,9996.0,1.0,9995.0,24.0,,,10002.0,7.0,10004.0,1.0,10005.0,24.0,9999.0,-69.0
0,106200,PEARLS,9996.0,2.0,9995.0,27.0,,,10004.0,2.0,10005.0,27.0,,,10000.0,-69.0
0,106300,PEARLS,9995.0,25.0,,,,,10005.0,25.0,,,,,10000.0,-69.0
0,106400,PEARLS,9996.0,2.0,9995.0,25.0,,,10004.0,2.0,10005.0,25.0,,,10000.0,-69.0
0,106500,PEARLS,9998.0,8.0,9995.0,25.0,,,10005.0,25.0,,,,,10001.5,-69.0
0,106600,PEARLS,9995.0,30.0,,,,,10002.0,2.0,10005.0,30.0,,,9998.5,-64.0
0,106700,PEARLS,9996.0,1.0,9995.0,30.0,,,10004.0,1.0,10005.0,30.0,,,10000.0,-64.0
0,106800,PEARLS,9998.0,6.0,9996.0,2.0,9995.0,25.0,10004.0,2.0,10005.0,25.0,,,10001.0,-64.0
0,106900,PEARLS,9998.0,7.0,9995.0,23.0,,,10005.0,23.0,,,,,10001.5,-66.0
0,107000,PEARLS,9998.0,2.0,9996.0,1.0,9995.0,29.0,10004.0,1.0,10005.0,29.0,,,10001.0,-66.0
0,107100,PEARLS,10002.0,4.0,9998.0,1.0,9996.0,1.0,10004.0,1.0,10005.0,26.0,,,10003.0,-66.0
0,107200,PEARLS,9996.0,2.0,9995.0,21.0,,,10004.0,2.0,10005.0,21.0,,,10000.0,-66.0
0,107300,PEARLS,9996.0,1.0,9995.0,22.0,,,10002.0,1.0,10004.0,1.0,10005.0,22.0,9999.0,-66.0
0,107400,PEARLS,10002.0,10.0,9995.0,29.0,,,10005.0,29.0,,,,,10003.5,-66.0
0,107500,PEARLS,9996.0,2.0,9995.0,25.0,,,10004.0,2.0,10005.0,25.0,,,10000.0,-66.0
0,107600,PEARLS,9995.0,25.0,,,,,10002.0,3.0,10005.0,25.0,,,9998.5,-66.0
0,107700,PEARLS,9995.0,21.0,,,,,10005.0,21.0,,,,,10000.0,-66.0
0,107800,PEARLS,9996.0,1.0,9995.0,30.0,,,10004.0,1.0,10005.0,30.0,,,10000.0,-66.0
0,107900,PEARLS,9995.0,25.0,,,,,10002.0,1.0,10005.0,25.0,,,9998.5,-70.0
0,108000,PEARLS,9998.0,8.0,9996.0,2.0,9995.0,21.0,10004.0,2.0,10005.0,21.0,,,10001.0,-70.0
0,108100,PEARLS,9995.0,30.0,,,,,10005.0,30.0,,,,,10000.0,-70.0
0,108200,PEARLS,9995.0,25.0,,,,,10005.0,25.0,,,,,10000.0,-70.0
0,108300,PEARLS,10002.0,9.0,9998.0,7.0,9995.0,27.0,10005.0,27.0,,,,,10003.5,-72.0
0,108400,PEARLS,9998.0,9.0,9995.0,20.0,,,10005.0,20.0,,,,,10001.5,-72.0
0,108500,PEARLS,9995.0,30.0,,,,,10005.0,30.0,,,,,10000.0,-72.0
0,108600,PEARLS,9996.0,1.0,9995.0,30.0,,,9998.0,1.0,10004.0,1.0,10005.0,30.0,9997.0,-80.0
0,108700,PEARLS,9996.0,2.0,9995.0,25.0,,,10004.0,2.0,10005.0,25.0,,,10000.0,-82.0
0,108800,PEARLS,9996.0,2.0,9995.0,24.0,,,10004.0,2.0,10005.0,24.0,,,10000.0,-82.0
0,108900,PEARLS,9996.0,1.0,9995.0,22.0,,,10002.0,1.0,10004.0,1.0,10005.0,22.0,9999.0,-74.0
0,109000,PEARLS,9998.0,2.0,9996.0,1.0,9995.0,23.0,10004.0,1.0,10005.0,23.0,,,10001.0,-98.0
0,109100,PEARLS,9996.0,2.0,9995.0,20.0,,,10002.0,10.0,10004.0,2.0,10005.0,20.0,9999.0,-98.0
0,109200,PEARLS,9995.0,25.0,,,,,10005.0,25.0,,,,,10000.0,-98.0
0,109300,PEARLS,10002.0,1.0,9998.0,6.0,9996.0,1.0,10004.0,1.0,10005.0,24.0,,,10003.0,-98.0
0,109400,PEARLS,9996.0,2.0,9995.0,23.0,,,10002.0,9.0,10004.0,2.0,10005.0,23.0,9999.0,-98.0
0,109500,PEARLS,9998.0,5.0,9995.0,30.0,,,10005.0,30.0,,,,,10001.5,-98.0
0,109600,PEARLS,9998.0,5.0,9995.0,21.0,,,10005.0,21.0,,,,,10001.5,-98.0
0,109700,PEARLS,9996.0,2.0,9995.0,26.0,,,10004.0,2.0,10005.0,26.0,,,10000.0,-98.0
0,109800,PEARLS,9996.0,2.0,9995.0,25.0,,,10004.0,2.0,10005.0,25.0,,,10000.0,-94.0
0,109900,PEARLS,9995.0,29.0,,,,,10005.0,29.0,,,,,10000.0,-94.0
0,110000,PEARLS,9996.0,1.0,9995.0,24.0,,,10004.0,1.0,10005.0,24.0,,,10000.0,-94.0
0,110100,PEARLS,9996.0,1.0,9995.0,24.0,,,10004.0,1.0,10005.0,24.0,,,10000.0,-94.0
0,110200,PEARLS,9995.0,28.0,,,,,10005.0,28.0,,,,,10000.0,-94.0
0,110300,PEARLS,9996.0,1.0,9995.0,26.0,,,10002.0,5.0,10004.0,1.0,10005.0,26.0,9999.0,-94.0
0,110400,PEARLS,9995.0,26.0,,,,,10005.0,26.0,,,,,10000.0,-94.0
0,110500,PEARLS,9995.0,21.0,,,,,10005.0,21.0,,,,,10000.0,-94.0
0,110600,PEARLS,9996.0,1.0,9995.0,26.0,,,9998.0,1.0,10004.0,1.0,10005.0,26.0,9997.0,-94.0
0,110700,PEARLS,10002.0,1.0,9996.0,2.0,9995.0,23.0,10004.0,2.0,10005.0,23.0,,,10003.0,-96.0
0,110800,PEARLS,9996.0,2.0,9995.0,22.0,,,10004.0,2.0,10005.0,22.0,,,10000.0,-94.0
0,110900,PEARLS,9995.0,26.0,,,,,10002.0,2.0,10005.0,26.0,,,9998.5,-94.0
0,111000,PEARLS,9995.0,26.0,,,,,10005.0,26.0,,,,,10000.0,-94.0
0,111100,PEARLS,9996.0,1.0,9995.0,20.0,,,10004.0,1.0,10005.0,20.0,,,10000.0,-94.0
0,111200,PEARLS,9998.0,6.0,9996.0,1.0,9995.0,20.0,10004.0,1.0,10005.0,20.0,,,10001.0,-94.0
0,111300,PEARLS,9996.0,1.0,9995.0,29.0,,,10002.0,4.0,10004.0,1.0,10005.0,29.0,9999.0,-94.0
0,111400,PEARLS,9995.0,21.0,,,,,9998.0,1.0,10005.0,21.0,,,9996.5,-94.0
0,111500,PEARLS,10002.0,5.0,9996.0,1.0,9995.0,23.0,10004.0,1.0,10005.0,23.0,,,10003.0,-94.0
0,111600,PEARLS,9996.0,1.0,9995.0,24.0,,,10002.0,1.0,10004.0,1.0,10005.0,24.0,9999.0,-94.0
0,111700,PEARLS,9995.0,20.0,,,,,10005.0,20.0,,,,,10000.0,-94.0
0,111800,PEARLS,9996.0,2.0,9995.0,23.0,,,10004.0,2.0,10005.0,23.0,,,10000.0,-94.0
0,111900,PEARLS,9996.0,2.0,9995.0,22.0,,,10004.0,2.0,10005.0,22.0,,,10000.0,-90.0
0,112000,PEARLS,9996.0,1.0,9995.0,23.0,,,10004.0,1.0,10005.0,23.0,,,10000.0,-90.0
0,112100,PEARLS,9995.0,25.0,,,,,10005.0,25.0,,,,,10000.0,-90.0
0,112200,PEARLS,9995.0,20.0,,,,,10005.0,20.0,,,,,10000.0,-90.0
0,112300,PEARLS,9996.0,2.0,9995.0,25.0,,,10004.0,2.0,10005.0,25.0,,,10000.0,-90.0
0,112400,PEARLS,9995.0,28.0,,,,,10005.0,28.0,,,,,10000.0,-90.0
0,112500,PEARLS,9998.0,9.0,9996.0,1.0,9995.0,24.0,10004.0,1.0,10005.0,24.0,,,10001.0,-90.0
0,112600,PEARLS,9995.0,29.0,,,,,10005.0,29.0,,,,,10000.0,-90.0
0,112700,PEARLS,9996.0,1.0,9995.0,21.0,,,10004.0,1.0,10005.0,21.0,,,10000.0,-90.0
0,112800,PEARLS,9995.0,27.0,,,,,10002.0,5.0,10005.0,27.0,,,9998.5,-90.0
0,112900,PEARLS,9996.0,2.0,9995.0,23.0,,,10004.0,2.0,10005.0,23.0,,,10000.0,-90.0
0,113000,PEARLS,9996.0,1.0,9995.0,29.0,,,10004.0,1.0,10005.0,29.0,,,10000.0,-90.0
0,113100,PEARLS,9995.0,22.0,,,,,10002.0,9.0,10005.0,22.0,,,9998.5,-90.0
0,113200,PEARLS,9996.0,1.0,9995.0,24.0,,,10004.0,1.0,10005.0,24.0,,,10000.0,-90.0
0,113300,PEARLS,9996.0,2.0,9995.0,20.0,,,10002.0,2.0,10004.0,2.0,10005.0,20.0,9999.0,-90.0
0,113400,PEARLS,10002.0,1.0,9995.0,29.0,,,10005.0,29.0,,,,,10003.5,-90.0
0,113500,PEARLS,9998.0,3.0,9996.0,1.0,9995.0,28.0,10004.0,1.0,10005.0,28.0,,,10001.0,-90.0
0,113600,PEARLS,9995.0,24.0,,,,,10002.0,3.0,10005.0,24.0,,,9998.5,-90.0
0,113700,PEARLS,9996.0,1.0,9995.0,26.0,,,10002.0,8.0,10004.0,1.0,10005.0,26.0,9999.0,-90.0
0,113800,PEARLS,9996.0,2.0,9995.0,23.0,,,10004.0,2.0,10005.0,23.0,,,10000.0,-90.0
0,113900,PEARLS,9996.0,1.0,9995.0,20.0,,,10004.0,1.0,10005.0,20.0,,,10000.0,-88.0
0,114000,PEARLS,9996.0,2.0,9995.0,25.0,,,10004.0,2.0,10005.0,25.0,,,10000.0,-88.0
0,114100,PEARLS,9996.0,2.0,9995.0,28.0,,,10004.0,2.0,10005.0,28.0,,,10000.0,-88.0
0,114200,PEARLS,9996.0,1.0,9995.0,30.0,,,10004.0,1.0,10005.0,30.0,,,10000.0,-88.0
0,114300,PEARLS,9996.0,1.0,9995.0,20.0,,,10004.0,1.0,10005.0,20.0,,,10000.0,-88.0
0,114400,PEARLS,9996.0,2.0,9995.0,25.0,,,10004.0,2.0,10005.0,25.0,,,10000.0,-84.0
0,114500,PEARLS,9996.0,2.0,9995.0,25.0,,,10004.0,2.0,10005.0,25.0,,,10000.0,-84.0
0,114600,PEARLS,9996.0,1.0,9995.0,27.0,,,10004.0,1.0,10005.0,27.0,,,10000.0,-128.0
0,114700,PEARLS,9996.0,2.0,9995.0,28.0,,,10004.0,2.0,10005.0,28.0,,,10000.0,-128.0
0,114800,PEARLS,9995.0,21.0,,,,,10005.0,21.0,,,,,10000.0,-128.0
0,114900,PEARLS,9996.0,2.0,9995.0,25.0,,,10002.0,3.0,10004.0,2.0,10005.0,25.0,9999.0,-128.0
0,115000,PEARLS,9996.0,2.0,9995.0,28.0,,,10002.0,4.0,10004.0,2.0,10005.0,28.0,9999.0,-128.0
0,115100,PEARLS,9996.0,2.0,9995.0,25.0,,,10004.0,2.0,10005.0,25.0,,,10000.0,-128.0
0,115200,PEARLS,9998.0,5.0,9996.0,2.0,9995.0,26.0,10004.0,2.0,10005.0,26.0,,,10001.0,-128.0
0,115300,PEARLS,10002.0,11.0,9996.0,2.0,9995.0,28.0,10004.0,2.0,10005.0,28.0,,,10003.0,-128.0
0,115400,PEARLS,9998.0,9.0,9996.0,1.0,9995.0,28.0,10004.0,1.0,10005.0,28.0,,,10001.0,-128.0
0,115500,PEARLS,9996.0,2.0,9995.0,23.0,,,9998.0,4.0,10004.0,2.0,10005.0,23.0,9997.0,-128.0
0,115600,PEARLS,9996.0,1.0,9995.0,30.0,,,10004.0,1.0,10005.0,30.0,,,10000.0,-128.0
0,115700,PEARLS,9998.0,5.0,9996.0,1.0,9995.0,30.0,10004.0,1.0,10005.0,30.0,,,10001.0,-128.0
0,115800,PEARLS,9995.0,30.0,,,,,10005.0,30.0,,,,,10000.0,-128.0
0,115900,PEARLS,9998.0,9.0,9995.0,28.0,,,10005.0,28.0,,,,,10001.5,-128.0
0,116000,PEARLS,9996.0,1.0,9995.0,29.0,,,10002.0,4.0,10004.0,1.0,10005.0,29.0,9999.0,-128.0
0,116100,PEARLS,9995.0,28.0,,,,,10005.0,28.0,,,,,10000.0,-128.0
0,116200,PEARLS,9998.0,1.0,9995.0,26.0,,,10005.0,26.0,,,,,10001.5,-123.0
0,116300,PEARLS,9996.0,2.0,9995.0,24.0,,,9998.0,1.0,10002.0,10.0,10004.0,2.0,9997.0,-123.0
0,116400,PEARLS,9996.0,2.0,9995.0,29.0,,,9998.0,1.0,10002.0,2.0,10004.0,2.0,9997.0,-131.0
0,116500,PEARLS,9996.0,2.0,9995.0,27.0,,,10004.0,2.0,10005.0,27.0,,,10000.0,-133.0
0,116600,PEARLS,9996.0,2.0,9995.0,28.0,,,10004.0,2.0,10005.0,28.0,,,10000.0,-133.0
0,116700,PEARLS,9996.0,1.0,9995.0,22.0,,,10004.0,1.0,10005.0,22.0,,,10000.0,-133.0
0,116800,PEARLS,9995.0,30.0,,,,,10005.0,30.0,,,,,10000.0,-133.0
0,116900,PEARLS,9996.0,1.0,9995.0,28.0,,,10004.0,1.0,10005.0,28.0,,,10000.0,-143.0
0,117000,PEARLS,9995.0,21.0,,,,,10005.0,21.0,,,,,10000.0,-143.0
0,117100,PEARLS,9996.0,2.0,9995.0,24.0,,,10002.0,4.0,10004.0,2.0,10005.0,24.0,9999.0,-143.0
0,117200,PEARLS,9996.0,1.0,9995.0,22.0,,,10004.0,1.0,10005.0,22.0,,,10000.0,-143.0
0,117300,PEARLS,9995.0,29.0,,,,,10005.0,29.0,,,,,10000.0,-143.0
0,117400,PEARLS,9996.0,2.0,9995.0,30.0,,,10002.0,1.0,10004.0,2.0,10005.0,30.0,9999.0,-143.0
0,117500,PEARLS,9996.0,1.0,9995.0,22.0,,,10002.0,8.0,10004.0,1.0,10005.0,22.0,9999.0,-139.0
0,117600,PEARLS,9998.0,4.0,9996.0,1.0,9995.0,22.0,10004.0,1.0,10005.0,22.0,,,10001.0,-139.0
0,117700,PEARLS,9996.0,1.0,9995.0,23.0,,,10004.0,1.0,10005.0,23.0,,,10000.0,-139.0
0,117800,PEARLS,9996.0,1.0,9995.0,25.0,,,10002.0,5.0,10004.0,1.0,10005.0,25.0,9999.0,-139.0
0,117900,PEARLS,9996.0,1.0,9995.0,30.0,,,9998.0,1.0,10004.0,1.0,10005.0,30.0,9997.0,-139.0
0,118000,PEARLS,9996.0,1.0,9995.0,29.0,,,10004.0,1.0,10005.0,29.0,,,10000.0,-141.0
0,118100,PEARLS,10002.0,1.0,9998.0,4.0,9995.0,20.0,10005.0,20.0,,,,,10003.5,-141.0
0,118200,PEARLS,9996.0,1.0,9995.0,25.0,,,10002.0,7.0,10004.0,1.0,10005.0,25.0,9999.0,-131.0
0,118300,PEARLS,10002.0,2.0,9995.0,23.0,,,10005.0,23.0,,,,,10003.5,-121.0
0,118400,PEARLS,9996.0,1.0,9995.0,27.0,,,10004.0,1.0,10005.0,27.0,,,10000.0,-121.0
0,118500,PEARLS,9998.0,10.0,9995.0,28.0,,,10005.0,28.0,,,,,10001.5,-121.0
0,118600,PEARLS,9998.0,7.0,9996.0,2.0,9995.0,28.0,10004.0,2.0,10005.0,28.0,,,10001.0,-121.0
0,118700,PEARLS,9996.0,2.0,9995.0,27.0,,,10004.0,2.0,10005.0,27.0,,,10000.0,-121.0
0,118800,PEARLS,9995.0,24.0,,,,,10005.0,24.0,,,,,10000.0,-121.0
0,118900,PEARLS,10002.0,3.0,9996.0,1.0,9995.0,27.0,10004.0,1.0,10005.0,27.0,,,10003.0,-121.0
0,119000,PEARLS,9996.0,1.0,9995.0,26.0,,,9998.0,1.0,10004.0,1.0,10005.0,26.0,9997.0,-121.0
0,119100,PEARLS,10002.0,1.0,9995.0,25.0,,,10005.0,25.0,,,,,10003.5,-143.0
0,119200,PEARLS,9996.0,1.0,9995.0,28.0,,,10004.0,1.0,10005.0,28.0,,,10000.0,-141.0
0,119300,PEARLS,9996.0,1.0,9995.0,22.0,,,10004.0,1.0,10005.0,22.0,,,10000.0,-149.0
0,119400,PEARLS,9996.0,2.0,9995.0,25.0,,,10004.0,2.0,10005.0,25.0,,,10000.0,-149.0
0,119500,PEARLS,9996.0,2.0,9995.0,25.0,,,10004.0,2.0,10005.0,25.0,,,10000.0,-149.0
0,119600,PEARLS,9995.0,25.0,,,,,10005.0,25.0,,,,,10000.0,-149.0
0,119700,PEARLS,9996.0,2.0,9995.0,23.0,,,10004.0,2.0,10005.0,23.0,,,10000.0,-149.0
0,119800,PEARLS,9995.0,26.0,,,,,10005.0,26.0,,,,,10000.0,-149.0
0,119900,PEARLS,9996.0,2.0,9995.0,23.0,,,10002.0,9.0,10004.0,2.0,10005.0,23.0,9999.0,-149.0
0,120000,PEARLS,9996.0,1.0,9995.0,27.0,,,10004.0,1.0,10005.0,27.0,,,10000.0,-149.0
0,120100,PEARLS,9996.0,2.0,9995.0,20.0,,,10004.0,2.0,10005.0,20.0,,,10000.0,-149.0
0,120200,PEARLS,10002.0,4.0,9995.0,23.0,,,10005.0,23.0,,,,,10003.5,-147.0
0,120300,PEARLS,9995.0,28.0,,,,,10002.0,1.0,10005.0,28.0,,,9998.5,-147.0
0,120400,PEARLS,9998.0,5.0,9995.0,28.0,,,10005.0,28.0,,,,,10001.5,-147.0
0,120500,PEARLS,9995.0,29.0,,,,,10005.0,29.0,,,,,10000.0,-147.0
0,120600,PEARLS,9998.0,10.0,9996.0,2.0,9995.0,25.0,10004.0,2.0,10005.0,25.0,,,10001.0,-147.0
0,120700,PEARLS,9996.0,1.0,9995.0,20.0,,,9998.0,1.0,10004.0,1.0,10005.0,20.0,9997.0,-147.0
0,120800,PEARLS,9996.0,2.0,9995.0,26.0,,,10004.0,2.0,10005.0,26.0,,,10000.0,-147.0
0,120900,PEARLS,10002.0,1.0,9996.0,1.0,9995.0,23.0,10004.0,1.0,10005.0,23.0,,,10003.0,-143.0
0,121000,PEARLS,9996.0,2.0,9995.0,24.0,,,10004.0,2.0,10005.0,24.0,,,10000.0,-143.0
0,121100,PEARLS,9995.0,21.0,,,,,10005.0,21.0,,,,,10000.0,-139.0
0,121200,PEARLS,9995.0,27.0,,,,,10005.0,27.0,,,,,10000.0,-139.0
0,121300,PEARLS,9996.0,1.0,9995.0,26.0,,,10004.0,1.0,10005.0,26.0,,,10000.0,-139.0
0,121400,PEARLS,9995.0,20.0,,,,,10005.0,20.0,,,,,10000.0,-135.0
0,121500,PEARLS,10002.0,1.0,9995.0,27.0,,,10005.0,27.0,,,,,10003.5,-135.0
0,121600,PEARLS,9996.0,2.0,9995.0,29.0,,,10002.0,3.0,10004.0,2.0,10005.0,29.0,9999.0,-135.0
0,121700,PEARLS,9996.0,1.0,9995.0,25.0,,,10004.0,1.0,10005.0,25.0,,,10000.0,-131.0
0,121800,PEARLS,9995.0,27.0,,,,,10002.0,6.0,10005.0,27.0,,,9998.5,-131.0
0,121900,PEARLS,10002.0,1.0,9996.0,2.0,9995.0,20.0,10004.0,2.0,10005.0,20.0,,,10003.0,-136.0
0,122000,PEARLS,9996.0,1.0,9995.0,30.0,,,10002.0,1.0,10004.0,1.0,10005.0,30.0,9999.0,-136.0
0,122100,PEARLS,9998.0,9.0,9996.0,1.0,9995.0,22.0,10004.0,1.0,10005.0,22.0,,,10001.0,-136.0
0,122200,PEARLS,9996.0,2.0,9995.0,26.0,,,10004.0,2.0,10005.0,26.0,,,10000.0,-136.0
0,122300,PEARLS,9995.0,24.0,,,,,10005.0,24.0,,,,,10000.0,-140.0
0,122400,PEARLS,9995.0,22.0,,,,,10005.0,22.0,,,,,10000.0,-140.0
0,122500,PEARLS,9996.0,2.0,9995.0,21.0,,,10002.0,6.0,10004.0,2.0,10005.0,21.0,9999.0,-140.0
0,122600,PEARLS,9998.0,4.0,9996.0,1.0,9995.0,23.0,10004.0,1.0,10005.0,23.0,,,10001.0,-116.0
0,122700,PEARLS,10002.0,5.0,9995.0,21.0,,,10005.0,21.0,,,,,10003.5,-124.0
0,122800,PEARLS,9996.0,2.0,9995.0,30.0,,,10004.0,2.0,10005.0,30.0,,,10000.0,-114.0
0,122900,PEARLS,9995.0,23.0,,,,,10002.0,4.0,10005.0,23.0,,,9998.5,-114.0
0,123000,PEARLS,9995.0,27.0,,,,,10005.0,27.0,,,,,10000.0,-114.0
0,123100,PEARLS,10002.0,1.0,10000.0,3.0,9995.0,21.0,10005.0,21.0,,,,,10003.5,-114.0
0,123200,PEARLS,9996.0,2.0,9995.0,24.0,,,9998.0,1.0,10004.0,2.0,10005.0,24.0,9997.0,-112.0
0,123300,PEARLS,9996.0,1.0,9995.0,20.0,,,10004.0,1.0,10005.0,20.0,,,10000.0,-112.0
0,123400,PEARLS,9996.0,1.0,9995.0,23.0,,,10004.0,1.0,10005.0,23.0,,,10000.0,-112.0
0,123500,PEARLS,9998.0,5.0,9996.0,2.0,9995.0,21.0,10004.0,2.0,10005.0,21.0,,,10001.0,-116.0
0,123600,PEARLS,9995.0,30.0,,,,,10005.0,30.0,,,,,10000.0,-116.0
0,123700,PEARLS,9996.0,1.0,9995.0,27.0,,,10004.0,1.0,10005.0,27.0,,,10000.0,-116.0
0,123800,PEARLS,9996.0,2.0,9995.0,29.0,,,10004.0,2.0,10005.0,29.0,,,10000.0,-120.0
0,123900,PEARLS,9995.0,27.0,,,,,10005.0,27.0,,,,,10000.0,-122.0
0,124000,PEARLS,10002.0,1.0,9995.0,25.0,,,10005.0,25.0,,,,,10003.5,-122.0
0,124100,PEARLS,9995.0,28.0,,,,,9998.0,3.0,10005.0,28.0,,,9996.5,-120.0
0,124200,PEARLS,9996.0,2.0,9995.0,30.0,,,9998.0,5.0,10004.0,2.0,10005.0,30.0,9997.0,-120.0
0,124300,PEARLS,9998.0,9.0,9995.0,23.0,,,10005.0,23.0,,,,,10001.5,-130.0
0,124400,PEARLS,9995.0,24.0,,,,,10005.0,24.0,,,,,10000.0,-130.0
0,124500,PEARLS,9996.0,2.0,9995.0,21.0,,,10004.0,2.0,10005.0,21.0,,,10000.0,-130.0
0,124600,PEARLS,9995.0,30.0,,,,,10005.0,30.0,,,,,10000.0,-130.0
0,124700,PEARLS,9996.0,2.0,9995.0,30.0,,,10004.0,2.0,10005.0,30.0,,,10000.0,-130.0
0,124800,PEARLS,9995.0,28.0,,,,,10005.0,28.0,,,,,10000.0,-130.0
0,124900,PEARLS,9996.0,1.0,9995.0,22.0,,,10004.0,1.0,10005.0,22.0,,,10000.0,-130.0
0,125000,PEARLS,9995.0,27.0,,,,,10005.0,27.0,,,,,10000.0,-130.0
0,125100,PEARLS,9996.0,1.0,9995.0,25.0,,,9998.0,5.0,10004.0,1.0,10005.0,25.0,9997.0,-130.0
0,125200,PEARLS,9998.0,6.0,9996.0,2.0,9995.0,22.0,10004.0,2.0,10005.0,22.0,,,10001.0,-130.0
0,125300,PEARLS,9998.0,6.0,9995.0,25.0,,,10005.0,25.0,,,,,10001.5,-130.0
0,125400,PEARLS,9996.0,2.0,9995.0,24.0,,,10004.0,2.0,10005.0,24.0,,,10000.0,-130.0
0,125500,PEARLS,9995.0,26.0,,,,,9998.0,1.0,10005.0,26.0,,,9996.5,-126.0
0,125600,PEARLS,9996.0,1.0,9995.0,30.0,,,10002.0,1.0,10004.0,1.0,10005.0,30.0,9999.0,-126.0
0,125700,PEARLS,9998.0,2.0,9996.0,2.0,9995.0,24.0,10004.0,2.0,10005.0,24.0,,,10001.0,-126.0
0,125800,PEARLS,9996.0,1.0,9995.0,24.0,,,10002.0,1.0,10004.0,1.0,10005.0,24.0,9999.0,-126.0
0,125900,PEARLS,10000.0,2.0,9996.0,1.0,9995.0,21.0,10004.0,1.0,10005.0,21.0,,,10002.0,-128.0
0,126000,PEARLS,9996.0,2.0,9995.0,20.0,,,10004.0,2.0,10005.0,20.0,,,10000.0,-128.0
0,126100,PEARLS,9996.0,1.0,9995.0,30.0,,,10004.0,1.0,10005.0,30.0,,,10000.0,-128.0
0,126200,PEARLS,9998.0,4.0,9996.0,2.0,9995.0,27.0,10004.0,2.0,10005.0,27.0,,,10001.0,-128.0
0,126300,PEARLS,9996.0,1.0,9995.0,22.0,,,10004.0,1.0,10005.0,22.0,,,10000.0,-128.0
0,126400,PEARLS,9996.0,1.0,9995.0,30.0,,,9998.0,5.0,10004.0,1.0,10005.0,30.0,9997.0,-128.0
0,126500,PEARLS,9998.0,2.0,9996.0,2.0,9995.0,25.0,10004.0,2.0,10005.0,25.0,,,10001.0,-132.0
0,126600,PEARLS,9998.0,10.0,9996.0,2.0,9995.0,29.0,10004.0,2.0,10005.0,29.0,,,10001.0,-132.0
0,126700,PEARLS,9996.0,2.0,9995.0,21.0,,,9998.0,2.0,10004.0,2.0,10005.0,21.0,9997.0,-132.0
