day,timestamp,product,bid_price_1,bid_volume_1,bid_price_2,bid_volume_2,bid_price_3,bid_volume_3,ask_price_1,ask_volume_1,ask_price_2,ask_volume_2,ask_price_3,ask_volume_3,mid_price,profit_and_loss
0,0,PINA_COLADAS,15225.0,82.0,,,,,15228.0,82.0,,,,,15226.5,0.0
0,100,PINA_COLADAS,15223.0,109.0,,,,,15226.0,109.0,,,,,15224.5,0.0
0,200,PINA_COLADAS,15226.0,7.0,15224.0,101.0,,,15227.0,101.0,,,,,15226.5,0.0
0,300,PINA_COLADAS,15224.0,84.0,,,,,15227.0,84.0,,,,,15225.5,0.0
0,400,PINA_COLADAS,15220.0,105.0,,,,,15223.0,105.0,,,,,15221.5,0.0
0,500,PINA_COLADAS,15221.0,97.0,,,,,15224.0,37.0,15225.0,60.0,,,15222.5,0.0
0,600,PINA_COLADAS,15221.0,22.0,15220.0,53.0,,,15224.0,75.0,,,,,15222.5,0.0
0,700,PINA_COLADAS,15219.0,98.0,,,,,15222.0,98.0,,,,,15220.5,0.0
0,800,PINA_COLADAS,15220.0,100.0,,,,,15223.0,100.0,,,,,15221.5,0.0
0,900,PINA_COLADAS,15219.0,13.0,15218.0,24.0,15217.0,74.0,15220.0,24.0,15221.0,74.0,,,15219.5,0.0
0,1000,PINA_COLADAS,15218.0,38.0,15217.0,52.0,,,15221.0,90.0,,,,,15219.5,0.0
0,1100,PINA_COLADAS,15220.0,67.0,15219.0,50.0,,,15222.0,29.0,15223.0,50.0,,,15221.0,0.0
0,1200,PINA_COLADAS,15222.0,89.0,,,,,15225.0,89.0,,,,,15223.5,0.0
0,1300,PINA_COLADAS,15222.0,91.0,,,,,15225.0,27.0,15226.0,64.0,,,15223.5,0.0
0,1400,PINA_COLADAS,15223.0,94.0,,,,,15224.0,35.0,15226.0,94.0,,,15223.5,0.0
0,1500,PINA_COLADAS,15225.0,36.0,15224.0,54.0,,,15228.0,90.0,,,,,15226.5,0.0
0,1600,PINA_COLADAS,15224.0,106.0,,,,,15227.0,106.0,,,,,15225.5,0.0
0,1700,PINA_COLADAS,15222.0,35.0,15221.0,75.0,,,15224.0,35.0,15225.0,75.0,,,15223.0,0.0
0,1800,PINA_COLADAS,15220.0,94.0,,,,,15223.0,94.0,,,,,15221.5,0.0
0,1900,PINA_COLADAS,15218.0,39.0,15217.0,66.0,,,15220.0,39.0,15221.0,66.0,,,15219.0,0.0
0,2000,PINA_COLADAS,15217.0,100.0,,,,,15220.0,100.0,,,,,15218.5,0.0
0,2100,PINA_COLADAS,15216.0,99.0,,,,,15217.0,21.0,15219.0,99.0,,,15216.5,0.0
0,2200,PINA_COLADAS,15214.0,74.0,,,,,15217.0,24.0,15218.0,50.0,,,15215.5,0.0
0,2300,PINA_COLADAS,15218.0,98.0,,,,,15221.0,98.0,,,,,15219.5,0.0
0,2400,PINA_COLADAS,15216.0,88.0,,,,,15219.0,88.0,,,,,15217.5,0.0
0,2500,PINA_COLADAS,15215.0,77.0,,,,,15218.0,24.0,15219.0,53.0,,,15216.5,0.0
0,2600,PINA_COLADAS,15218.0,80.0,,,,,15221.0,80.0,,,,,15219.5,0.0
0,2700,PINA_COLADAS,15219.0,39.0,15218.0,57.0,,,15222.0,96.0,,,,,15220.5,0.0
0,2800,PINA_COLADAS,15218.0,23.0,15217.0,92.0,,,15220.0,92.0,,,,,15219.0,0.0
0,2900,PINA_COLADAS,15216.0,97.0,,,,,15219.0,97.0,,,,,15217.5,0.0
0,3000,PINA_COLADAS,15216.0,94.0,,,,,15219.0,94.0,,,,,15217.5,0.0
0,3100,PINA_COLADAS,15216.0,108.0,,,,,15219.0,108.0,,,,,15217.5,0.0
0,3200,PINA_COLADAS,15216.0,29.0,15215.0,63.0,,,15219.0,92.0,,,,,15217.5,0.0
0,3300,PINA_COLADAS,15214.0,90.0,,,,,15217.0,90.0,,,,,15215.5,0.0
0,3400,PINA_COLADAS,15215.0,101.0,,,,,15218.0,101.0,,,,,15216.5,0.0
0,3500,PINA_COLADAS,15211.0,93.0,,,,,15214.0,23.0,15215.0,70.0,,,15212.5,0.0
0,3600,PINA_COLADAS,15215.0,31.0,15214.0,61.0,,,15217.0,31.0,15218.0,61.0,,,15216.0,0.0
0,3700,PINA_COLADAS,15213.0,33.0,15212.0,60.0,,,15215.0,33.0,15216.0,60.0,,,15214.0,0.0
0,3800,PINA_COLADAS,15209.0,93.0,,,,,15212.0,93.0,,,,,15210.5,0.0
0,3900,PINA_COLADAS,15208.0,73.0,,,,,15211.0,73.0,,,,,15209.5,0.0
0,4000,PINA_COLADAS,15212.0,29.0,15211.0,59.0,,,15215.0,88.0,,,,,15213.5,0.0
0,4100,PINA_COLADAS,15210.0,98.0,,,,,15213.0,98.0,,,,,15211.5,0.0
0,4200,PINA_COLADAS,15209.0,27.0,15208.0,52.0,,,15211.0,27.0,15212.0,52.0,,,15210.0,0.0
0,4300,PINA_COLADAS,15208.0,33.0,15207.0,66.0,,,15210.0,33.0,15211.0,66.0,,,15209.0,0.0
0,4400,PINA_COLADAS,15207.0,34.0,15206.0,58.0,,,15209.0,34.0,15210.0,58.0,,,15208.0,0.0
0,4500,PINA_COLADAS,15206.0,29.0,15205.0,51.0,,,15208.0,29.0,15209.0,51.0,,,15207.0,0.0
0,4600,PINA_COLADAS,15207.0,93.0,,,,,15210.0,40.0,15211.0,53.0,,,15208.5,0.0
0,4700,PINA_COLADAS,15208.0,100.0,,,,,15211.0,100.0,,,,,15209.5,0.0
0,4800,PINA_COLADAS,15208.0,92.0,,,,,15211.0,92.0,,,,,15209.5,0.0
0,4900,PINA_COLADAS,15207.0,104.0,,,,,15210.0,104.0,,,,,15208.5,0.0
0,5000,PINA_COLADAS,15206.0,100.0,,,,,15209.0,100.0,,,,,15207.5,0.0
0,5100,PINA_COLADAS,15204.0,86.0,,,,,15207.0,86.0,,,,,15205.5,0.0
0,5200,PINA_COLADAS,15205.0,103.0,,,,,15208.0,103.0,,,,,15206.5,0.0
0,5300,PINA_COLADAS,15208.0,26.0,15207.0,67.0,,,15210.0,26.0,15211.0,67.0,,,15209.0,0.0
0,5400,PINA_COLADAS,15210.0,88.0,,,,,15213.0,88.0,,,,,15211.5,0.0
0,5500,PINA_COLADAS,15209.0,103.0,,,,,15212.0,103.0,,,,,15210.5,0.0
0,5600,PINA_COLADAS,15213.0,32.0,15212.0,67.0,,,15215.0,32.0,15216.0,67.0,,,15214.0,0.0
0,5700,PINA_COLADAS,15216.0,26.0,15215.0,59.0,,,15219.0,85.0,,,,,15217.5,0.0
0,5800,PINA_COLADAS,15215.0,101.0,,,,,15218.0,101.0,,,,,15216.5,0.0
0,5900,PINA_COLADAS,15211.0,90.0,,,,,15214.0,90.0,,,,,15212.5,0.0
0,6000,PINA_COLADAS,15213.0,23.0,15212.0,68.0,,,15216.0,91.0,,,,,15214.5,0.0
0,6100,PINA_COLADAS,15213.0,96.0,,,,,15216.0,96.0,,,,,15214.5,0.0
0,6200,PINA_COLADAS,15207.0,99.0,,,,,15210.0,33.0,15211.0,66.0,,,15208.5,0.0
0,6300,PINA_COLADAS,15206.0,85.0,,,,,15209.0,85.0,,,,,15207.5,0.0
0,6400,PINA_COLADAS,15205.0,39.0,15204.0,73.0,,,15207.0,39.0,15208.0,73.0,,,15206.0,0.0
0,6500,PINA_COLADAS,15205.0,36.0,15204.0,71.0,,,15207.0,36.0,15208.0,71.0,,,15206.0,0.0
0,6600,PINA_COLADAS,15202.0,82.0,,,,,15205.0,82.0,,,,,15203.5,0.0
0,6700,PINA_COLADAS,15203.0,32.0,15202.0,74.0,,,15206.0,106.0,,,,,15204.5,0.0
0,6800,PINA_COLADAS,15207.0,32.0,15206.0,102.0,,,15209.0,102.0,,,,,15208.0,0.0
0,6900,PINA_COLADAS,15205.0,37.0,15204.0,56.0,,,15207.0,37.0,15208.0,56.0,,,15206.0,0.0
0,7000,PINA_COLADAS,15205.0,99.0,,,,,15208.0,99.0,,,,,15206.5,0.0
0,7100,PINA_COLADAS,15206.0,100.0,,,,,15209.0,30.0,15210.0,70.0,,,15207.5,0.0
0,7200,PINA_COLADAS,15204.0,40.0,15203.0,57.0,,,15207.0,97.0,,,,,15205.5,0.0
0,7300,PINA_COLADAS,15204.0,38.0,15203.0,74.0,,,15206.0,38.0,15207.0,74.0,,,15205.0,0.0
0,7400,PINA_COLADAS,15206.0,98.0,,,,,15209.0,98.0,,,,,15207.5,0.0
0,7500,PINA_COLADAS,15206.0,104.0,,,,,15209.0,104.0,,,,,15207.5,0.0
0,7600,PINA_COLADAS,15208.0,74.0,,,,,15211.0,74.0,,,,,15209.5,0.0
0,7700,PINA_COLADAS,15207.0,32.0,15206.0,62.0,,,15209.0,32.0,15210.0,62.0,,,15208.0,0.0
0,7800,PINA_COLADAS,15203.0,76.0,,,,,15206.0,20.0,15207.0,56.0,,,15204.5,0.0
0,7900,PINA_COLADAS,15202.0,82.0,,,,,15205.0,82.0,,,,,15203.5,0.0
0,8000,PINA_COLADAS,15203.0,88.0,,,,,15206.0,88.0,,,,,15204.5,0.0
0,8100,PINA_COLADAS,15203.0,92.0,,,,,15206.0,92.0,,,,,15204.5,0.0
0,8200,PINA_COLADAS,15201.0,98.0,,,,,15204.0,98.0,,,,,15202.5,0.0
0,8300,PINA_COLADAS,15202.0,33.0,15201.0,65.0,,,15204.0,33.0,15205.0,65.0,,,15203.0,0.0
0,8400,PINA_COLADAS,15205.0,26.0,15204.0,50.0,,,15207.0,26.0,15208.0,50.0,,,15206.0,0.0
0,8500,PINA_COLADAS,15204.0,40.0,15203.0,61.0,,,15207.0,101.0,,,,,15205.5,0.0
0,8600,PINA_COLADAS,15205.0,92.0,,,,,15208.0,92.0,,,,,15206.5,0.0
0,8700,PINA_COLADAS,15203.0,33.0,15202.0,101.0,,,15205.0,31.0,15206.0,70.0,,,15204.0,0.0
0,8800,PINA_COLADAS,15203.0,86.0,,,,,15206.0,24.0,15207.0,62.0,,,15204.5,0.0
0,8900,PINA_COLADAS,15199.0,97.0,,,,,15202.0,97.0,,,,,15200.5,0.0
0,9000,PINA_COLADAS,15198.0,33.0,15197.0,73.0,,,15201.0,106.0,,,,,15199.5,0.0
0,9100,PINA_COLADAS,15199.0,74.0,,,,,15202.0,74.0,,,,,15200.5,0.0
0,9200,PINA_COLADAS,15197.0,85.0,,,,,15198.0,38.0,15200.0,85.0,,,15197.5,0.0
0,9300,PINA_COLADAS,15197.0,38.0,15196.0,71.0,,,15199.0,71.0,,,,,15198.0,0.0
0,9400,PINA_COLADAS,15195.0,102.0,,,,,15198.0,102.0,,,,,15196.5,0.0
0,9500,PINA_COLADAS,15194.0,37.0,15193.0,70.0,,,15197.0,107.0,,,,,15195.5,0.0
0,9600,PINA_COLADAS,15194.0,25.0,15193.0,52.0,,,15197.0,77.0,,,,,15195.5,0.0
0,9700,PINA_COLADAS,15190.0,101.0,,,,,15193.0,34.0,15194.0,67.0,,,15191.5,0.0
0,9800,PINA_COLADAS,15191.0,33.0,15190.0,57.0,,,15194.0,90.0,,,,,15192.5,0.0
0,9900,PINA_COLADAS,15193.0,38.0,15192.0,98.0,,,15195.0,98.0,,,,,15194.0,0.0
0,10000,PINA_COLADAS,15189.0,20.0,15188.0,52.0,,,15191.0,20.0,15192.0,52.0,,,15190.0,0.0
0,10100,PINA_COLADAS,15187.0,111.0,,,,,15190.0,39.0,15191.0,72.0,,,15188.5,0.0
0,10200,PINA_COLADAS,15187.0,89.0,,,,,15190.0,89.0,,,,,15188.5,0.0
0,10300,PINA_COLADAS,15186.0,88.0,,,,,15189.0,22.0,15190.0,66.0,,,15187.5,0.0
0,10400,PINA_COLADAS,15185.0,79.0,,,,,15188.0,79.0,,,,,15186.5,0.0
0,10500,PINA_COLADAS,15182.0,90.0,,,,,15185.0,90.0,,,,,15183.5,0.0
0,10600,PINA_COLADAS,15181.0,87.0,,,,,15184.0,87.0,,,,,15182.5,0.0
0,10700,PINA_COLADAS,15180.0,89.0,,,,,15183.0,39.0,15184.0,50.0,,,15181.5,0.0
0,10800,PINA_COLADAS,15177.0,38.0,15176.0,65.0,,,15179.0,38.0,15180.0,65.0,,,15178.0,0.0
0,10900,PINA_COLADAS,15175.0,95.0,,,,,15178.0,27.0,15179.0,68.0,,,15176.5,0.0
0,11000,PINA_COLADAS,15177.0,83.0,,,,,15180.0,83.0,,,,,15178.5,0.0
0,11100,PINA_COLADAS,15176.0,96.0,,,,,15179.0,96.0,,,,,15177.5,0.0
0,11200,PINA_COLADAS,15174.0,84.0,,,,,15177.0,92.0,,,,,15175.5,-11.453125
0,11300,PINA_COLADAS,15173.0,74.0,,,,,15176.0,74.0,,,,,15174.5,-3.5703125
0,11400,PINA_COLADAS,15173.0,35.0,15172.0,61.0,,,15176.0,96.0,,,,,15174.5,-1.484375
0,11500,PINA_COLADAS,15171.0,72.0,,,,,15174.0,72.0,,,,,15172.5,10.6796875
0,11600,PINA_COLADAS,15173.0,38.0,15172.0,60.0,,,15176.0,98.0,,,,,15174.5,-0.96875
0,11700,PINA_COLADAS,15172.0,79.0,,,,,15175.0,79.0,,,,,15173.5,3.421875
0,11800,PINA_COLADAS,15173.0,22.0,15172.0,71.0,,,15176.0,93.0,,,,,15174.5,-1.5234375
0,11900,PINA_COLADAS,15172.0,84.0,,,,,15175.0,84.0,,,,,15173.5,3.6015625
0,12000,PINA_COLADAS,15170.0,54.0,,,,,15171.0,11.0,15173.0,27.0,15174.0,54.0,15170.5,-8.25
0,12100,PINA_COLADAS,15166.0,111.0,,,,,15169.0,111.0,,,,,15167.5,176.75
0,12200,PINA_COLADAS,15165.0,85.0,,,,,15168.0,85.0,,,,,15166.5,231.8125
0,12300,PINA_COLADAS,15163.0,108.0,,,,,15166.0,108.0,,,,,15164.5,328.375
0,12400,PINA_COLADAS,15162.0,88.0,,,,,15163.0,27.0,15165.0,88.0,,,15162.5,360.0
0,12500,PINA_COLADAS,15158.0,27.0,15157.0,74.0,,,15161.0,101.0,,,,,15159.5,568.5625
0,12600,PINA_COLADAS,15157.0,26.0,15156.0,59.0,,,15159.0,26.0,15160.0,59.0,,,15158.0,624.9375
0,12700,PINA_COLADAS,15155.0,102.0,,,,,15158.0,102.0,,,,,15156.5,692.375
0,12800,PINA_COLADAS,15156.0,89.0,,,,,15159.0,89.0,,,,,15157.5,642.1875
0,12900,PINA_COLADAS,15154.0,21.0,15153.0,91.0,,,15156.0,33.0,15157.0,58.0,,,15155.0,765.0625
0,13000,PINA_COLADAS,15152.0,102.0,,,,,15155.0,102.0,,,,,15153.5,829.875
0,13100,PINA_COLADAS,15153.0,93.0,,,,,15156.0,93.0,,,,,15154.5,790.125
0,13200,PINA_COLADAS,15154.0,96.0,,,,,15157.0,26.0,15158.0,70.0,,,15155.5,722.875
0,13300,PINA_COLADAS,15157.0,22.0,15156.0,74.0,,,15160.0,96.0,,,,,15158.5,613.0625
0,13400,PINA_COLADAS,15159.0,99.0,,,,,15160.0,35.0,15162.0,99.0,,,15159.5,502.9375
0,13500,PINA_COLADAS,15164.0,106.0,,,,,15167.0,106.0,,,,,15165.5,271.8125
0,13600,PINA_COLADAS,15164.0,28.0,15163.0,71.0,,,15165.0,20.0,15166.0,28.0,15167.0,71.0,15164.5,297.875
0,13700,PINA_COLADAS,15162.0,86.0,,,,,15165.0,86.0,,,,,15163.5,372.9375
0,13800,PINA_COLADAS,15163.0,25.0,15162.0,95.0,,,15165.0,95.0,,,,,15164.0,371.625
0,13900,PINA_COLADAS,15166.0,94.0,,,,,15169.0,94.0,,,,,15167.5,181.9375
0,14000,PINA_COLADAS,15168.0,92.0,,,,,15171.0,92.0,,,,,15169.5,101.4375
0,14100,PINA_COLADAS,15170.0,79.0,,,,,15173.0,79.0,,,,,15171.5,-6.6875
0,14200,PINA_COLADAS,15168.0,79.0,,,,,15171.0,79.0,,,,,15169.5,104.3125
0,14300,PINA_COLADAS,15169.0,37.0,15168.0,73.0,,,15171.0,37.0,15172.0,73.0,,,15170.0,70.5625
0,14400,PINA_COLADAS,15169.0,101.0,,,,,15172.0,34.0,15173.0,67.0,,,15170.5,32.125
0,14500,PINA_COLADAS,15167.0,101.0,,,,,15170.0,27.0,15171.0,74.0,,,15168.5,120.5625
0,14600,PINA_COLADAS,15169.0,81.0,,,,,15172.0,30.0,15173.0,51.0,,,15170.5,31.3125
0,14700,PINA_COLADAS,15171.0,96.0,,,,,15174.0,23.0,15175.0,73.0,,,15172.5,-61.375
0,14800,PINA_COLADAS,15169.0,86.0,,,,,15172.0,86.0,,,,,15170.5,36.6875
0,14900,PINA_COLADAS,15167.0,111.0,,,,,15170.0,111.0,,,,,15168.5,133.9375
0,15000,PINA_COLADAS,15164.0,91.0,,,,,15167.0,37.0,15168.0,54.0,,,15165.5,260.0625
0,15100,PINA_COLADAS,15163.0,108.0,,,,,15166.0,108.0,,,,,15164.5,310.5625
0,15200,PINA_COLADAS,15165.0,21.0,15164.0,54.0,,,15166.0,24.0,15168.0,75.0,,,15165.5,249.5
0,15300,PINA_COLADAS,15168.0,110.0,,,,,15171.0,110.0,,,,,15169.5,91.3125
0,15400,PINA_COLADAS,15165.0,27.0,15164.0,63.0,,,15167.0,27.0,15168.0,63.0,,,15166.0,250.25
0,15500,PINA_COLADAS,15160.0,91.0,,,,,15163.0,91.0,,,,,15161.5,460.625
0,15600,PINA_COLADAS,15161.0,78.0,,,,,15164.0,78.0,,,,,15162.5,419.25
0,15700,PINA_COLADAS,15161.0,109.0,,,,,15164.0,109.0,,,,,15162.5,417.75
0,15800,PINA_COLADAS,15163.0,37.0,15162.0,50.0,,,15165.0,37.0,15166.0,50.0,,,15164.0,345.1875
0,15900,PINA_COLADAS,15162.0,106.0,,,,,15163.0,20.0,15165.0,106.0,,,15162.5,377.0
0,16000,PINA_COLADAS,15158.0,77.0,,,,,15161.0,22.0,15162.0,55.0,,,15159.5,548.0625
0,16100,PINA_COLADAS,15161.0,96.0,,,,,15164.0,96.0,,,,,15162.5,418.3125
0,16200,PINA_COLADAS,15162.0,80.0,,,,,15165.0,80.0,,,,,15163.5,359.25
0,16300,PINA_COLADAS,15162.0,85.0,,,,,15165.0,85.0,,,,,15163.5,360.125
0,16400,PINA_COLADAS,15162.0,82.0,,,,,15165.0,82.0,,,,,15163.5,355.375
0,16500,PINA_COLADAS,15165.0,103.0,,,,,15168.0,103.0,,,,,15166.5,214.25
0,16600,PINA_COLADAS,15163.0,32.0,15162.0,69.0,,,15165.0,32.0,15166.0,69.0,,,15164.0,346.375
0,16700,PINA_COLADAS,15163.0,25.0,15162.0,60.0,,,15165.0,25.0,15166.0,60.0,,,15164.0,343.0
0,16800,PINA_COLADAS,15162.0,92.0,,,,,15165.0,92.0,,,,,15163.5,366.8125
0,16900,PINA_COLADAS,15161.0,86.0,,,,,15164.0,86.0,,,,,15162.5,428.5
0,17000,PINA_COLADAS,15156.0,24.0,15155.0,73.0,,,15158.0,24.0,15159.0,73.0,,,15157.0,689.5625
0,17100,PINA_COLADAS,15152.0,96.0,,,,,15155.0,32.0,15156.0,64.0,,,15153.5,841.875
0,17200,PINA_COLADAS,15156.0,22.0,15155.0,69.0,,,15159.0,91.0,,,,,15157.5,680.625
0,17300,PINA_COLADAS,15152.0,101.0,,,,,15155.0,30.0,15156.0,71.0,,,15153.5,842.5
0,17400,PINA_COLADAS,15151.0,79.0,,,,,15154.0,79.0,,,,,15152.5,900.8125
0,17500,PINA_COLADAS,15154.0,35.0,15153.0,71.0,,,15156.0,35.0,15157.0,71.0,,,15155.0,787.375
0,17600,PINA_COLADAS,15157.0,29.0,15156.0,56.0,,,15159.0,29.0,15160.0,56.0,,,15158.0,632.5625
0,17700,PINA_COLADAS,15158.0,36.0,15157.0,69.0,,,15159.0,29.0,15160.0,36.0,15161.0,69.0,15158.5,584.25
0,17800,PINA_COLADAS,15158.0,110.0,,,,,15161.0,110.0,,,,,15159.5,557.5625
0,17900,PINA_COLADAS,15159.0,36.0,15158.0,62.0,,,15161.0,36.0,15162.0,62.0,,,15160.0,535.3125
0,18000,PINA_COLADAS,15156.0,81.0,,,,,15159.0,81.0,,,,,15157.5,661.125
0,18100,PINA_COLADAS,15155.0,38.0,15154.0,56.0,,,15158.0,94.0,,,,,15156.5,728.5625
0,18200,PINA_COLADAS,15158.0,105.0,,,,,15161.0,105.0,,,,,15159.5,564.75
0,18300,PINA_COLADAS,15159.0,78.0,,,,,15162.0,78.0,,,,,15160.5,508.75
0,18400,PINA_COLADAS,15160.0,91.0,,,,,15163.0,91.0,,,,,15161.5,477.3125
0,18500,PINA_COLADAS,15158.0,99.0,,,,,15161.0,99.0,,,,,15159.5,554.4375
0,18600,PINA_COLADAS,15159.0,86.0,,,,,15162.0,86.0,,,,,15160.5,500.625
0,18700,PINA_COLADAS,15162.0,96.0,,,,,15165.0,96.0,,,,,15163.5,355.625
0,18800,PINA_COLADAS,15164.0,84.0,,,,,15167.0,84.0,,,,,15165.5,269.0
0,18900,PINA_COLADAS,15164.0,97.0,,,,,15167.0,97.0,,,,,15165.5,281.1875
0,19000,PINA_COLADAS,15163.0,90.0,,,,,15166.0,90.0,,,,,15164.5,310.75
0,19100,PINA_COLADAS,15168.0,84.0,,,,,15171.0,84.0,,,,,15169.5,62.5625
0,19200,PINA_COLADAS,15170.0,33.0,15169.0,91.0,,,15172.0,20.0,15173.0,71.0,,,15171.0,6.3125
0,19300,PINA_COLADAS,15172.0,86.0,,,,,15175.0,24.0,15176.0,62.0,,,15173.5,-139.3125
0,19400,PINA_COLADAS,15176.0,91.0,,,,,15179.0,91.0,,,,,15177.5,-313.3125
0,19500,PINA_COLADAS,15176.0,81.0,,,,,15179.0,29.0,15180.0,52.0,,,15177.5,-335.8125
0,19600,PINA_COLADAS,15177.0,72.0,,,,,15178.0,11.0,15180.0,29.0,15181.0,72.0,15177.5,-419.0
0,19700,PINA_COLADAS,15178.0,26.0,15177.0,69.0,,,15180.0,26.0,15181.0,69.0,,,15179.0,-438.625
0,19800,PINA_COLADAS,15180.0,85.0,,,,,15183.0,85.0,,,,,15181.5,-658.875
0,19900,PINA_COLADAS,15183.0,84.0,,,,,15186.0,27.0,15187.0,57.0,,,15184.5,-948.375
0,20000,PINA_COLADAS,15183.0,35.0,15182.0,52.0,,,15186.0,87.0,,,,,15184.5,-891.125
0,20100,PINA_COLADAS,15182.0,25.0,15181.0,62.0,,,15185.0,87.0,,,,,15183.5,-806.125
0,20200,PINA_COLADAS,15180.0,84.0,,,,,15183.0,84.0,,,,,15181.5,-652.625
0,20300,PINA_COLADAS,15181.0,90.0,,,,,15184.0,36.0,15185.0,54.0,,,15182.5,-773.875
0,20400,PINA_COLADAS,15182.0,33.0,15181.0,75.0,,,15184.0,33.0,15185.0,75.0,,,15183.0,-781.625
0,20500,PINA_COLADAS,15186.0,100.0,,,,,15189.0,25.0,15190.0,75.0,,,15187.5,-1215.5
0,20600,PINA_COLADAS,15185.0,82.0,,,,,15188.0,82.0,,,,,15186.5,-1092.25
0,20700,PINA_COLADAS,15185.0,87.0,,,,,15188.0,87.0,,,,,15186.5,-1107.375
0,20800,PINA_COLADAS,15184.0,85.0,,,,,15187.0,85.0,,,,,15185.5,-1024.375
0,20900,PINA_COLADAS,15186.0,97.0,,,,,15189.0,97.0,,,,,15187.5,-1178.75
0,21000,PINA_COLADAS,15185.0,91.0,,,,,15188.0,91.0,,,,,15186.5,-1095.75
0,21100,PINA_COLADAS,15181.0,95.0,,,,,15184.0,95.0,,,,,15182.5,-765.875
0,21200,PINA_COLADAS,15184.0,88.0,,,,,15187.0,29.0,15188.0,59.0,,,15185.5,-1036.125
0,21300,PINA_COLADAS,15183.0,101.0,,,,,15186.0,101.0,,,,,15184.5,-903.375
0,21400,PINA_COLADAS,15186.0,34.0,15185.0,66.0,,,15188.0,34.0,15189.0,66.0,,,15187.0,-1139.5
0,21500,PINA_COLADAS,15182.0,77.0,,,,,15185.0,77.0,,,,,15183.5,-812.125
0,21600,PINA_COLADAS,15182.0,95.0,,,,,15185.0,95.0,,,,,15183.5,-836.875
0,21700,PINA_COLADAS,15180.0,91.0,,,,,15183.0,91.0,,,,,15181.5,-662.25
0,21800,PINA_COLADAS,15184.0,83.0,,,,,15185.0,39.0,15187.0,83.0,,,15184.5,-993.75
0,21900,PINA_COLADAS,15187.0,91.0,,,,,15190.0,91.0,,,,,15188.5,-1278.875
0,22000,PINA_COLADAS,15189.0,40.0,15188.0,54.0,,,15192.0,94.0,,,,,15190.5,-1428.75
0,22100,PINA_COLADAS,15188.0,96.0,,,,,15191.0,32.0,15192.0,64.0,,,15189.5,-1396.0
0,22200,PINA_COLADAS,15188.0,35.0,15187.0,53.0,,,15190.0,35.0,15191.0,53.0,,,15189.0,-1329.5
0,22300,PINA_COLADAS,15189.0,25.0,15188.0,81.0,,,15191.0,27.0,15192.0,54.0,,,15190.0,-1397.75
0,22400,PINA_COLADAS,15189.0,108.0,,,,,15192.0,108.0,,,,,15190.5,-1467.0
0,22500,PINA_COLADAS,15193.0,28.0,15192.0,65.0,,,15195.0,28.0,15196.0,65.0,,,15194.0,-1770.125
0,22600,PINA_COLADAS,15192.0,92.0,,,,,15195.0,92.0,,,,,15193.5,-1721.125
0,22700,PINA_COLADAS,15193.0,36.0,15192.0,69.0,,,15195.0,36.0,15196.0,69.0,,,15194.0,-1774.0
0,22800,PINA_COLADAS,15194.0,79.0,,,,,15197.0,79.0,,,,,15195.5,-1880.125
0,22900,PINA_COLADAS,15193.0,33.0,15192.0,73.0,,,15195.0,33.0,15196.0,73.0,,,15194.0,-1768.0
0,23000,PINA_COLADAS,15192.0,90.0,,,,,15193.0,36.0,15195.0,22.0,15196.0,68.0,15192.5,-1748.25
0,23100,PINA_COLADAS,15191.0,80.0,,,,,15194.0,80.0,,,,,15192.5,-1650.875
0,23200,PINA_COLADAS,15195.0,97.0,,,,,15198.0,39.0,15199.0,58.0,,,15196.5,-2021.0
0,23300,PINA_COLADAS,15195.0,89.0,,,,,15198.0,89.0,,,,,15196.5,-1999.625
0,23400,PINA_COLADAS,15199.0,30.0,15198.0,60.0,,,15201.0,30.0,15202.0,60.0,,,15200.0,-2297.375
0,23500,PINA_COLADAS,15198.0,97.0,,,,,15201.0,97.0,,,,,15199.5,-2281.625
0,23600,PINA_COLADAS,15199.0,95.0,,,,,15202.0,21.0,15203.0,74.0,,,15200.5,-2379.25
0,23700,PINA_COLADAS,15199.0,87.0,,,,,15202.0,87.0,,,,,15200.5,-2366.25
0,23800,PINA_COLADAS,15202.0,23.0,15201.0,65.0,,,15204.0,23.0,15205.0,65.0,,,15203.0,-2575.75
0,23900,PINA_COLADAS,15202.0,83.0,,,,,15205.0,83.0,,,,,15203.5,-2587.625
0,24000,PINA_COLADAS,15204.0,38.0,15203.0,59.0,,,15206.0,38.0,15207.0,59.0,,,15205.0,-2744.75
0,24100,PINA_COLADAS,15200.0,100.0,,,,,15203.0,100.0,,,,,15201.5,-2455.625
0,24200,PINA_COLADAS,15199.0,113.0,,,,,15202.0,113.0,,,,,15200.5,-2355.0
0,24300,PINA_COLADAS,15203.0,34.0,15202.0,59.0,,,15206.0,93.0,,,,,15204.5,-2676.0
0,24400,PINA_COLADAS,15203.0,71.0,,,,,15206.0,71.0,,,,,15204.5,-2714.875
0,24500,PINA_COLADAS,15203.0,113.0,,,,,15206.0,38.0,15207.0,75.0,,,15204.5,-2729.5
0,24600,PINA_COLADAS,15206.0,27.0,15205.0,53.0,,,15208.0,27.0,15209.0,53.0,,,15207.0,-2927.125
0,24700,PINA_COLADAS,15203.0,81.0,,,,,15206.0,81.0,,,,,15204.5,-2721.625
0,24800,PINA_COLADAS,15202.0,106.0,,,,,15205.0,106.0,,,,,15203.5,-2628.375
0,24900,PINA_COLADAS,15203.0,90.0,,,,,15206.0,90.0,,,,,15204.5,-2686.375
0,25000,PINA_COLADAS,15204.0,23.0,15203.0,72.0,,,15207.0,95.0,,,,,15205.5,-2754.625
0,25100,PINA_COLADAS,15203.0,97.0,,,,,15206.0,29.0,15207.0,68.0,,,15204.5,-2728.25
0,25200,PINA_COLADAS,15204.0,26.0,15203.0,81.0,,,15206.0,81.0,,,,,15205.0,-2708.25
0,25300,PINA_COLADAS,15201.0,101.0,,,,,15204.0,101.0,,,,,15202.5,-2534.25
0,25400,PINA_COLADAS,15202.0,75.0,,,,,15205.0,75.0,,,,,15203.5,-2589.875
0,25500,PINA_COLADAS,15205.0,92.0,,,,,15208.0,92.0,,,,,15206.5,-2871.75
0,25600,PINA_COLADAS,15205.0,82.0,,,,,15208.0,82.0,,,,,15206.5,-2872.25
0,25700,PINA_COLADAS,15206.0,29.0,15205.0,70.0,,,15208.0,29.0,15209.0,70.0,,,15207.0,-2923.875
0,25800,PINA_COLADAS,15203.0,103.0,,,,,15206.0,103.0,,,,,15204.5,-2725.875
0,25900,PINA_COLADAS,15204.0,113.0,,,,,15207.0,113.0,,,,,15205.5,-2805.75
0,26000,PINA_COLADAS,15205.0,105.0,,,,,15208.0,105.0,,,,,15206.5,-2857.375
0,26100,PINA_COLADAS,15204.0,111.0,,,,,15207.0,111.0,,,,,15205.5,-2791.25
0,26200,PINA_COLADAS,15206.0,78.0,,,,,15209.0,78.0,,,,,15207.5,-2991.125
0,26300,PINA_COLADAS,15208.0,96.0,,,,,15211.0,96.0,,,,,15209.5,-3131.0
0,26400,PINA_COLADAS,15210.0,97.0,,,,,15213.0,97.0,,,,,15211.5,-3354.125
0,26500,PINA_COLADAS,15207.0,23.0,15206.0,62.0,,,15209.0,23.0,15210.0,62.0,,,15208.0,-3017.375
0,26600,PINA_COLADAS,15209.0,81.0,,,,,15212.0,25.0,15213.0,56.0,,,15210.5,-3278.125
0,26700,PINA_COLADAS,15213.0,34.0,15212.0,53.0,,,15215.0,34.0,15216.0,53.0,,,15214.0,-3558.125
0,26800,PINA_COLADAS,15214.0,100.0,,,,,15217.0,100.0,,,,,15215.5,-3703.75
0,26900,PINA_COLADAS,15217.0,36.0,15216.0,92.0,,,15219.0,21.0,15220.0,71.0,,,15218.0,-3915.75
0,27000,PINA_COLADAS,15218.0,92.0,,,,,15221.0,92.0,,,,,15219.5,-4052.375
0,27100,PINA_COLADAS,15217.0,100.0,,,,,15220.0,100.0,,,,,15218.5,-3988.875
0,27200,PINA_COLADAS,15217.0,100.0,,,,,15220.0,100.0,,,,,15218.5,-3984.875
0,27300,PINA_COLADAS,15220.0,85.0,,,,,15223.0,85.0,,,,,15221.5,-4238.125
0,27400,PINA_COLADAS,15218.0,20.0,15217.0,71.0,,,15220.0,20.0,15221.0,71.0,,,15219.0,-4020.75
0,27500,PINA_COLADAS,15220.0,36.0,15219.0,55.0,,,15223.0,91.0,,,,,15221.5,-4221.625
0,27600,PINA_COLADAS,15218.0,86.0,,,,,15221.0,86.0,,,,,15219.5,-4062.0
0,27700,PINA_COLADAS,15218.0,37.0,15217.0,71.0,,,15220.0,37.0,15221.0,71.0,,,15219.0,-4022.5
0,27800,PINA_COLADAS,15218.0,92.0,,,,,15221.0,92.0,,,,,15219.5,-4091.125
0,27900,PINA_COLADAS,15221.0,73.0,,,,,15224.0,73.0,,,,,15222.5,-4360.0
0,28000,PINA_COLADAS,15221.0,27.0,15220.0,69.0,,,15223.0,27.0,15224.0,69.0,,,15222.0,-4292.25
0,28100,PINA_COLADAS,15223.0,34.0,15222.0,101.0,,,15225.0,101.0,,,,,15224.0,-4418.125
0,28200,PINA_COLADAS,15223.0,22.0,15222.0,35.0,15221.0,53.0,15225.0,88.0,,,,,15224.0,-4402.75
0,28300,PINA_COLADAS,15220.0,96.0,,,,,15223.0,40.0,15224.0,56.0,,,15221.5,-4275.25
0,28400,PINA_COLADAS,15222.0,25.0,15221.0,64.0,,,15225.0,89.0,,,,,15223.5,-4395.875
0,28500,PINA_COLADAS,15224.0,32.0,15223.0,55.0,,,15227.0,87.0,,,,,15225.5,-4578.5
0,28600,PINA_COLADAS,15219.0,103.0,,,,,15222.0,34.0,15223.0,69.0,,,15220.5,-4192.375
0,28700,PINA_COLADAS,15218.0,89.0,,,,,15221.0,35.0,15222.0,54.0,,,15219.5,-4101.125
0,28800,PINA_COLADAS,15219.0,105.0,,,,,15222.0,33.0,15223.0,72.0,,,15220.5,-4190.625
0,28900,PINA_COLADAS,15218.0,38.0,15217.0,70.0,,,15221.0,108.0,,,,,15219.5,-4034.875
0,29000,PINA_COLADAS,15223.0,87.0,,,,,15226.0,87.0,,,,,15224.5,-4495.375
0,29100,PINA_COLADAS,15224.0,86.0,,,,,15227.0,24.0,15228.0,62.0,,,15225.5,-4649.125
0,29200,PINA_COLADAS,15220.0,77.0,,,,,15223.0,77.0,,,,,15221.5,-4223.375
0,29300,PINA_COLADAS,15220.0,22.0,15219.0,65.0,,,15222.0,22.0,15223.0,65.0,,,15221.0,-4206.75
0,29400,PINA_COLADAS,15221.0,85.0,,,,,15224.0,85.0,,,,,15222.5,-4333.375
0,29500,PINA_COLADAS,15223.0,91.0,,,,,15226.0,91.0,,,,,15224.5,-4496.375
0,29600,PINA_COLADAS,15222.0,24.0,15221.0,59.0,,,15224.0,24.0,15225.0,59.0,,,15223.0,-4380.625
0,29700,PINA_COLADAS,15222.0,85.0,,,,,15225.0,85.0,,,,,15223.5,-4422.875
0,29800,PINA_COLADAS,15219.0,92.0,,,,,15222.0,92.0,,,,,15220.5,-4172.625
0,29900,PINA_COLADAS,15219.0,26.0,15218.0,55.0,,,15222.0,81.0,,,,,15220.5,-4130.75
0,30000,PINA_COLADAS,15218.0,27.0,15217.0,61.0,,,15220.0,27.0,15221.0,61.0,,,15219.0,-4025.625
0,30100,PINA_COLADAS,15222.0,24.0,15221.0,61.0,,,15224.0,24.0,15225.0,61.0,,,15223.0,-4386.125
0,30200,PINA_COLADAS,15222.0,87.0,,,,,15225.0,87.0,,,,,15223.5,-4454.5
0,30300,PINA_COLADAS,15223.0,38.0,15222.0,29.0,15221.0,75.0,15225.0,104.0,,,,,15224.0,-4398.25
0,30400,PINA_COLADAS,15225.0,88.0,,,,,15228.0,88.0,,,,,15226.5,-4700.0
0,30500,PINA_COLADAS,15228.0,95.0,,,,,15231.0,22.0,15232.0,73.0,,,15229.5,-5005.125
0,30600,PINA_COLADAS,15228.0,4.0,15227.0,58.0,,,15230.0,26.0,15231.0,58.0,,,15229.0,-4949.625
0,30700,PINA_COLADAS,15226.0,109.0,,,,,15229.0,109.0,,,,,15227.5,-4758.375
0,30800,PINA_COLADAS,15226.0,87.0,,,,,15229.0,33.0,15230.0,54.0,,,15227.5,-4823.75
0,30900,PINA_COLADAS,15227.0,84.0,,,,,15230.0,84.0,,,,,15228.5,-4868.5
0,31000,PINA_COLADAS,15225.0,74.0,,,,,15228.0,74.0,,,,,15226.5,-4681.875
0,31100,PINA_COLADAS,15225.0,86.0,,,,,15228.0,86.0,,,,,15226.5,-4693.25
0,31200,PINA_COLADAS,15224.0,22.0,15223.0,61.0,,,15225.0,29.0,15227.0,83.0,,,15224.5,-4516.0
0,31300,PINA_COLADAS,15222.0,88.0,,,,,15225.0,88.0,,,,,15223.5,-4319.75
0,31400,PINA_COLADAS,15223.0,97.0,,,,,15226.0,97.0,,,,,15224.5,-4453.125
0,31500,PINA_COLADAS,15225.0,109.0,,,,,15228.0,35.0,15229.0,74.0,,,15226.5,-4710.0
0,31600,PINA_COLADAS,15222.0,81.0,,,,,15225.0,81.0,,,,,15223.5,-4358.25
0,31700,PINA_COLADAS,15218.0,88.0,,,,,15221.0,88.0,,,,,15219.5,-3887.375
0,31800,PINA_COLADAS,15220.0,105.0,,,,,15223.0,105.0,,,,,15221.5,-4110.875
0,31900,PINA_COLADAS,15222.0,30.0,15221.0,74.0,,,15225.0,104.0,,,,,15223.5,-4291.25
0,32000,PINA_COLADAS,15222.0,87.0,,,,,15225.0,87.0,,,,,15223.5,-4342.625
0,32100,PINA_COLADAS,15222.0,28.0,15221.0,69.0,,,15224.0,28.0,15225.0,69.0,,,15223.0,-4279.875
0,32200,PINA_COLADAS,15221.0,35.0,15220.0,73.0,,,15223.0,35.0,15224.0,73.0,,,15222.0,-4168.125
0,32300,PINA_COLADAS,15224.0,28.0,15223.0,77.0,,,15226.0,77.0,,,,,15225.0,-4430.5
0,32400,PINA_COLADAS,15222.0,34.0,15221.0,74.0,,,15224.0,34.0,15225.0,74.0,,,15223.0,-4278.875
0,32500,PINA_COLADAS,15220.0,111.0,,,,,15221.0,32.0,15223.0,111.0,,,15220.5,-4135.75
0,32600,PINA_COLADAS,15223.0,28.0,15222.0,59.0,,,15226.0,87.0,,,,,15224.5,-4407.125
0,32700,PINA_COLADAS,15219.0,114.0,,,,,15222.0,114.0,,,,,15220.5,-3970.25
0,32800,PINA_COLADAS,15218.0,78.0,,,,,15221.0,21.0,15222.0,57.0,,,15219.5,-3913.5
0,32900,PINA_COLADAS,15217.0,31.0,15216.0,75.0,,,15219.0,31.0,15220.0,75.0,,,15218.0,-3700.0
0,33000,PINA_COLADAS,15217.0,23.0,15216.0,61.0,,,15219.0,23.0,15220.0,61.0,,,15218.0,-3701.0
0,33100,PINA_COLADAS,15219.0,28.0,15218.0,98.0,,,15221.0,98.0,,,,,15220.0,-3847.25
0,33200,PINA_COLADAS,15222.0,6.0,15220.0,92.0,,,15223.0,92.0,,,,,15222.5,-4108.75
0,33300,PINA_COLADAS,15222.0,80.0,,,,,15225.0,26.0,15226.0,54.0,,,15223.5,-4367.75
0,33400,PINA_COLADAS,15224.0,26.0,15223.0,94.0,,,15226.0,94.0,,,,,15225.0,-4441.125
0,33500,PINA_COLADAS,15221.0,22.0,15220.0,70.0,,,15223.0,22.0,15224.0,70.0,,,15222.0,-4170.375
0,33600,PINA_COLADAS,15217.0,104.0,,,,,15220.0,104.0,,,,,15218.5,-3783.875
0,33700,PINA_COLADAS,15215.0,88.0,,,,,15218.0,88.0,,,,,15216.5,-3565.5
0,33800,PINA_COLADAS,15213.0,100.0,,,,,15216.0,100.0,,,,,15214.5,-3294.0
0,33900,PINA_COLADAS,15213.0,91.0,,,,,15216.0,91.0,,,,,15214.5,-3308.375
0,34000,PINA_COLADAS,15215.0,87.0,,,,,15218.0,87.0,,,,,15216.5,-3537.75
0,34100,PINA_COLADAS,15217.0,76.0,,,,,15220.0,76.0,,,,,15218.5,-3761.875
0,34200,PINA_COLADAS,15216.0,28.0,15215.0,69.0,,,15219.0,97.0,,,,,15217.5,-3608.0
0,34300,PINA_COLADAS,15213.0,32.0,15212.0,67.0,,,15215.0,32.0,15216.0,67.0,,,15214.0,-3257.875
0,34400,PINA_COLADAS,15211.0,39.0,15210.0,72.0,,,15213.0,39.0,15214.0,72.0,,,15212.0,-3021.25
0,34500,PINA_COLADAS,15209.0,94.0,,,,,15212.0,94.0,,,,,15210.5,-2893.5
0,34600,PINA_COLADAS,15214.0,35.0,15213.0,56.0,,,15216.0,35.0,15217.0,56.0,,,15215.0,-3373.875
0,34700,PINA_COLADAS,15216.0,107.0,,,,,15219.0,107.0,,,,,15217.5,-3636.0
0,34800,PINA_COLADAS,15215.0,30.0,15214.0,60.0,,,15218.0,90.0,,,,,15216.5,-3493.0
0,34900,PINA_COLADAS,15214.0,99.0,,,,,15217.0,99.0,,,,,15215.5,-3426.25
0,35000,PINA_COLADAS,15218.0,86.0,,,,,15221.0,86.0,,,,,15219.5,-3894.0
0,35100,PINA_COLADAS,15221.0,31.0,15220.0,60.0,,,15224.0,91.0,,,,,15222.5,-4175.875
0,35200,PINA_COLADAS,15219.0,99.0,,,,,15222.0,99.0,,,,,15220.5,-4014.625
0,35300,PINA_COLADAS,15218.0,29.0,15217.0,78.0,,,15220.0,78.0,,,,,15219.0,-3747.625
0,35400,PINA_COLADAS,15218.0,21.0,15217.0,51.0,,,15220.0,21.0,15221.0,51.0,,,15219.0,-3819.625
0,35500,PINA_COLADAS,15218.0,94.0,,,,,15221.0,94.0,,,,,15219.5,-3871.625
0,35600,PINA_COLADAS,15220.0,96.0,,,,,15223.0,96.0,,,,,15221.5,-4077.75
0,35700,PINA_COLADAS,15218.0,30.0,15217.0,51.0,,,15221.0,81.0,,,,,15219.5,-3832.625
0,35800,PINA_COLADAS,15217.0,38.0,15216.0,70.0,,,15220.0,108.0,,,,,15218.5,-3727.5
0,35900,PINA_COLADAS,15220.0,34.0,15219.0,63.0,,,15222.0,34.0,15223.0,63.0,,,15221.0,-4041.75
0,36000,PINA_COLADAS,15221.0,24.0,15220.0,68.0,,,15223.0,24.0,15224.0,68.0,,,15222.0,-4163.125
0,36100,PINA_COLADAS,15217.0,79.0,,,,,15220.0,79.0,,,,,15218.5,-3768.375
0,36200,PINA_COLADAS,15216.0,91.0,,,,,15219.0,91.0,,,,,15217.5,-3639.75
0,36300,PINA_COLADAS,15218.0,81.0,,,,,15221.0,22.0,15222.0,59.0,,,15219.5,-3922.75
0,36400,PINA_COLADAS,15219.0,22.0,15218.0,74.0,,,15221.0,22.0,15222.0,74.0,,,15220.0,-3930.375
0,36500,PINA_COLADAS,15216.0,107.0,,,,,15219.0,39.0,15220.0,68.0,,,15217.5,-3687.625
0,36600,PINA_COLADAS,15216.0,106.0,,,,,15219.0,106.0,,,,,15217.5,-3664.25
0,36700,PINA_COLADAS,15217.0,27.0,15216.0,53.0,,,15220.0,80.0,,,,,15218.5,-3724.75
0,36800,PINA_COLADAS,15218.0,21.0,15217.0,51.0,,,15220.0,21.0,15221.0,51.0,,,15219.0,-3830.0
0,36900,PINA_COLADAS,15214.0,31.0,15213.0,51.0,,,15216.0,31.0,15217.0,51.0,,,15215.0,-3375.875
0,37000,PINA_COLADAS,15216.0,80.0,,,,,15219.0,80.0,,,,,15217.5,-3665.25
0,37100,PINA_COLADAS,15215.0,29.0,15214.0,52.0,,,15218.0,81.0,,,,,15216.5,-3503.75
0,37200,PINA_COLADAS,15213.0,80.0,,,,,15216.0,80.0,,,,,15214.5,-3330.0
0,37300,PINA_COLADAS,15213.0,89.0,,,,,15216.0,89.0,,,,,15214.5,-3314.875
0,37400,PINA_COLADAS,15212.0,37.0,15211.0,95.0,,,15214.0,31.0,15215.0,64.0,,,15213.0,-3124.625
0,37500,PINA_COLADAS,15212.0,21.0,15211.0,60.0,,,15214.0,21.0,15215.0,60.0,,,15213.0,-3134.625
0,37600,PINA_COLADAS,15211.0,35.0,15210.0,73.0,,,15213.0,35.0,15214.0,73.0,,,15212.0,-3025.75
0,37700,PINA_COLADAS,15208.0,39.0,15207.0,68.0,,,15211.0,107.0,,,,,15209.5,-2714.625
0,37800,PINA_COLADAS,15208.0,87.0,,,,,15211.0,87.0,,,,,15209.5,-2766.875
0,37900,PINA_COLADAS,15210.0,36.0,15209.0,71.0,,,15212.0,36.0,15213.0,71.0,,,15211.0,-2927.25
0,38000,PINA_COLADAS,15209.0,38.0,15208.0,56.0,,,15211.0,38.0,15212.0,56.0,,,15210.0,-2806.75
0,38100,PINA_COLADAS,15208.0,38.0,15207.0,52.0,,,15211.0,90.0,,,,,15209.5,-2709.875
0,38200,PINA_COLADAS,15209.0,85.0,,,,,15212.0,85.0,,,,,15210.5,-2867.875
0,38300,PINA_COLADAS,15210.0,107.0,,,,,15213.0,107.0,,,,,15211.5,-2961.25
0,38400,PINA_COLADAS,15213.0,39.0,15212.0,28.0,15211.0,54.0,15215.0,82.0,,,,,15214.0,-3168.125
0,38500,PINA_COLADAS,15209.0,96.0,,,,,15212.0,96.0,,,,,15210.5,-2875.25
0,38600,PINA_COLADAS,15210.0,92.0,,,,,15213.0,92.0,,,,,15211.5,-2947.625
0,38700,PINA_COLADAS,15217.0,29.0,15216.0,66.0,,,15219.0,29.0,15220.0,66.0,,,15218.0,-3707.375
0,38800,PINA_COLADAS,15217.0,32.0,15216.0,55.0,,,15220.0,87.0,,,,,15218.5,-3723.125
0,38900,PINA_COLADAS,15214.0,25.0,15213.0,73.0,,,15216.0,25.0,15217.0,73.0,,,15215.0,-3362.0
0,39000,PINA_COLADAS,15214.0,34.0,15213.0,64.0,,,15216.0,34.0,15217.0,64.0,,,15215.0,-3363.75
0,39100,PINA_COLADAS,15215.0,104.0,,,,,15218.0,104.0,,,,,15216.5,-3540.625
0,39200,PINA_COLADAS,15217.0,87.0,,,,,15218.0,30.0,15220.0,87.0,,,15217.5,-3733.625
0,39300,PINA_COLADAS,15215.0,104.0,,,,,15218.0,104.0,,,,,15216.5,-3513.875
0,39400,PINA_COLADAS,15218.0,28.0,15217.0,56.0,,,15220.0,28.0,15221.0,56.0,,,15219.0,-3825.25
0,39500,PINA_COLADAS,15215.0,95.0,,,,,15218.0,95.0,,,,,15216.5,-3522.125
0,39600,PINA_COLADAS,15218.0,31.0,15217.0,89.0,,,15220.0,89.0,,,,,15219.0,-3764.125
0,39700,PINA_COLADAS,15217.0,94.0,,,,,15220.0,94.0,,,,,15218.5,-3771.625
0,39800,PINA_COLADAS,15217.0,108.0,,,,,15220.0,108.0,,,,,15218.5,-3741.375
0,39900,PINA_COLADAS,15219.0,34.0,15218.0,74.0,,,15222.0,108.0,,,,,15220.5,-3954.625
0,40000,PINA_COLADAS,15216.0,26.0,15215.0,63.0,,,15218.0,26.0,15219.0,63.0,,,15217.0,-3587.0
0,40100,PINA_COLADAS,15218.0,26.0,15217.0,69.0,,,15220.0,26.0,15221.0,69.0,,,15219.0,-3816.125
0,40200,PINA_COLADAS,15214.0,103.0,,,,,15217.0,33.0,15218.0,70.0,,,15215.5,-3468.0
0,40300,PINA_COLADAS,15213.0,87.0,,,,,15214.0,32.0,15216.0,27.0,15217.0,60.0,15213.5,-3346.375
0,40400,PINA_COLADAS,15212.0,113.0,,,,,15215.0,113.0,,,,,15213.5,-3188.875
0,40500,PINA_COLADAS,15212.0,93.0,,,,,15215.0,93.0,,,,,15213.5,-3171.75
0,40600,PINA_COLADAS,15209.0,20.0,15208.0,89.0,,,15211.0,89.0,,,,,15210.0,-2769.75
0,40700,PINA_COLADAS,15206.0,29.0,15205.0,57.0,,,15208.0,29.0,15209.0,57.0,,,15207.0,-2464.5
0,40800,PINA_COLADAS,15205.0,87.0,,,,,15208.0,87.0,,,,,15206.5,-2400.25
0,40900,PINA_COLADAS,15207.0,40.0,15206.0,51.0,,,15209.0,40.0,15210.0,51.0,,,15208.0,-2573.75
0,41000,PINA_COLADAS,15209.0,89.0,,,,,15212.0,89.0,,,,,15210.5,-2893.125
0,41100,PINA_COLADAS,15209.0,23.0,15208.0,55.0,,,15211.0,23.0,15212.0,55.0,,,15210.0,-2799.0
0,41200,PINA_COLADAS,15210.0,107.0,,,,,15213.0,107.0,,,,,15211.5,-2969.5
0,41300,PINA_COLADAS,15209.0,92.0,,,,,15212.0,92.0,,,,,15210.5,-2837.625
0,41400,PINA_COLADAS,15209.0,101.0,,,,,15212.0,101.0,,,,,15210.5,-2855.375
0,41500,PINA_COLADAS,15208.0,101.0,,,,,15211.0,33.0,15212.0,68.0,,,15209.5,-2786.625
0,41600,PINA_COLADAS,15207.0,82.0,,,,,15210.0,82.0,,,,,15208.5,-2644.625
0,41700,PINA_COLADAS,15204.0,92.0,,,,,15207.0,92.0,,,,,15205.5,-2274.875
0,41800,PINA_COLADAS,15208.0,99.0,,,,,15211.0,99.0,,,,,15209.5,-2734.125
0,41900,PINA_COLADAS,15209.0,95.0,,,,,15212.0,95.0,,,,,15210.5,-2892.625
0,42000,PINA_COLADAS,15210.0,29.0,15209.0,52.0,,,15212.0,29.0,15213.0,52.0,,,15211.0,-2911.625
0,42100,PINA_COLADAS,15213.0,85.0,,,,,15216.0,85.0,,,,,15214.5,-3292.375
0,42200,PINA_COLADAS,15216.0,101.0,,,,,15219.0,29.0,15220.0,72.0,,,15217.5,-3688.5
0,42300,PINA_COLADAS,15216.0,24.0,15215.0,71.0,,,15218.0,24.0,15219.0,71.0,,,15217.0,-3595.375
0,42400,PINA_COLADAS,15214.0,102.0,,,,,15217.0,102.0,,,,,15215.5,-3431.625
0,42500,PINA_COLADAS,15215.0,94.0,,,,,15218.0,94.0,,,,,15216.5,-3555.625
0,42600,PINA_COLADAS,15215.0,35.0,15214.0,74.0,,,15218.0,109.0,,,,,15216.5,-3504.0
0,42700,PINA_COLADAS,15216.0,21.0,15215.0,56.0,,,15218.0,21.0,15219.0,56.0,,,15217.0,-3593.625
0,42800,PINA_COLADAS,15217.0,24.0,15216.0,69.0,,,15219.0,24.0,15220.0,69.0,,,15218.0,-3712.75
0,42900,PINA_COLADAS,15216.0,74.0,,,,,15219.0,74.0,,,,,15217.5,-3625.625
0,43000,PINA_COLADAS,15217.0,26.0,15216.0,66.0,,,15220.0,92.0,,,,,15218.5,-3728.75
0,43100,PINA_COLADAS,15219.0,82.0,,,,,15222.0,82.0,,,,,15220.5,-4013.625
0,43200,PINA_COLADAS,15220.0,21.0,15219.0,55.0,,,15223.0,76.0,,,,,15221.5,-4061.0
0,43300,PINA_COLADAS,15221.0,80.0,,,,,15224.0,80.0,,,,,15222.5,-4214.875
0,43400,PINA_COLADAS,15223.0,32.0,15222.0,69.0,,,15226.0,101.0,,,,,15224.5,-4407.25
0,43500,PINA_COLADAS,15222.0,95.0,,,,,15225.0,25.0,15226.0,70.0,,,15223.5,-4374.875
0,43600,PINA_COLADAS,15224.0,78.0,,,,,15227.0,25.0,15228.0,53.0,,,15225.5,-4592.5
0,43700,PINA_COLADAS,15221.0,85.0,,,,,15224.0,85.0,,,,,15222.5,-4209.75
0,43800,PINA_COLADAS,15225.0,28.0,15224.0,64.0,,,15227.0,28.0,15228.0,64.0,,,15226.0,-4616.25
0,43900,PINA_COLADAS,15227.0,99.0,,,,,15228.0,25.0,15230.0,99.0,,,15227.5,-4919.875
0,44000,PINA_COLADAS,15227.0,96.0,,,,,15230.0,34.0,15231.0,62.0,,,15228.5,-4940.0
0,44100,PINA_COLADAS,15227.0,23.0,15226.0,71.0,,,15230.0,94.0,,,,,15228.5,-4863.0
0,44200,PINA_COLADAS,15227.0,29.0,15226.0,54.0,,,15229.0,29.0,15230.0,54.0,,,15228.0,-4839.875
0,44300,PINA_COLADAS,15227.0,32.0,15226.0,73.0,,,15229.0,32.0,15230.0,73.0,,,15228.0,-4829.5
0,44400,PINA_COLADAS,15228.0,96.0,,,,,15231.0,96.0,,,,,15229.5,-5002.625
0,44500,PINA_COLADAS,15229.0,37.0,15228.0,65.0,,,15231.0,37.0,15232.0,65.0,,,15230.0,-5063.125
0,44600,PINA_COLADAS,15226.0,75.0,,,,,15229.0,75.0,,,,,15227.5,-4764.5
0,44700,PINA_COLADAS,15226.0,96.0,,,,,15229.0,96.0,,,,,15227.5,-4797.25
0,44800,PINA_COLADAS,15227.0,89.0,,,,,15230.0,89.0,,,,,15228.5,-4897.75
0,44900,PINA_COLADAS,15226.0,20.0,15225.0,71.0,,,15229.0,91.0,,,,,15227.5,-4748.875
0,45000,PINA_COLADAS,15226.0,93.0,,,,,15229.0,93.0,,,,,15227.5,-4797.125
0,45100,PINA_COLADAS,15227.0,72.0,,,,,15230.0,22.0,15231.0,50.0,,,15228.5,-4937.375
0,45200,PINA_COLADAS,15227.0,95.0,,,,,15230.0,95.0,,,,,15228.5,-4873.625
0,45300,PINA_COLADAS,15226.0,37.0,15225.0,72.0,,,15229.0,109.0,,,,,15227.5,-4743.875
0,45400,PINA_COLADAS,15228.0,97.0,,,,,15231.0,97.0,,,,,15229.5,-5039.125
0,45500,PINA_COLADAS,15229.0,31.0,15228.0,63.0,,,15232.0,94.0,,,,,15230.5,-5077.25
0,45600,PINA_COLADAS,15229.0,97.0,,,,,15232.0,97.0,,,,,15230.5,-5090.375
0,45700,PINA_COLADAS,15230.0,105.0,,,,,15233.0,105.0,,,,,15231.5,-5214.625
0,45800,PINA_COLADAS,15230.0,102.0,,,,,15233.0,102.0,,,,,15231.5,-5226.75
0,45900,PINA_COLADAS,15231.0,100.0,,,,,15234.0,27.0,15235.0,73.0,,,15232.5,-5379.375
0,46000,PINA_COLADAS,15235.0,80.0,,,,,15238.0,80.0,,,,,15236.5,-5817.25
0,46100,PINA_COLADAS,15233.0,86.0,,,,,15236.0,25.0,15237.0,61.0,,,15234.5,-5619.875
0,46200,PINA_COLADAS,15227.0,90.0,,,,,15230.0,29.0,15231.0,61.0,,,15228.5,-4926.125
0,46300,PINA_COLADAS,15230.0,92.0,,,,,15233.0,92.0,,,,,15231.5,-5208.625
0,46400,PINA_COLADAS,15228.0,91.0,,,,,15231.0,91.0,,,,,15229.5,-5023.875
0,46500,PINA_COLADAS,15231.0,29.0,15230.0,63.0,,,15234.0,92.0,,,,,15232.5,-5300.75
0,46600,PINA_COLADAS,15231.0,81.0,,,,,15232.0,24.0,15234.0,81.0,,,15231.5,-5327.125
0,46700,PINA_COLADAS,15229.0,30.0,15228.0,69.0,,,15231.0,30.0,15232.0,69.0,,,15230.0,-5060.375
0,46800,PINA_COLADAS,15230.0,39.0,15229.0,61.0,,,15232.0,39.0,15233.0,61.0,,,15231.0,-5172.125
0,46900,PINA_COLADAS,15228.0,37.0,15227.0,62.0,,,15230.0,37.0,15231.0,62.0,,,15229.0,-4952.25
0,47000,PINA_COLADAS,15227.0,95.0,,,,,15230.0,95.0,,,,,15228.5,-4915.875
0,47100,PINA_COLADAS,15228.0,90.0,,,,,15231.0,90.0,,,,,15229.5,-5017.375
0,47200,PINA_COLADAS,15230.0,27.0,15229.0,60.0,,,15232.0,27.0,15233.0,60.0,,,15231.0,-5165.5
0,47300,PINA_COLADAS,15229.0,98.0,,,,,15232.0,31.0,15233.0,67.0,,,15230.5,-5154.25
0,47400,PINA_COLADAS,15227.0,97.0,,,,,15230.0,97.0,,,,,15228.5,-4856.25
0,47500,PINA_COLADAS,15224.0,111.0,,,,,15227.0,111.0,,,,,15225.5,-4546.625
0,47600,PINA_COLADAS,15222.0,23.0,15221.0,67.0,,,15224.0,23.0,15225.0,67.0,,,15223.0,-4244.5
0,47700,PINA_COLADAS,15220.0,31.0,15219.0,57.0,,,15222.0,31.0,15223.0,57.0,,,15221.0,-4033.125
0,47800,PINA_COLADAS,15221.0,33.0,15220.0,72.0,,,15223.0,33.0,15224.0,72.0,,,15222.0,-4136.375
0,47900,PINA_COLADAS,15217.0,111.0,,,,,15220.0,111.0,,,,,15218.5,-3756.875
0,48000,PINA_COLADAS,15217.0,20.0,15216.0,74.0,,,15220.0,94.0,,,,,15218.5,-3703.875
0,48100,PINA_COLADAS,15216.0,24.0,15215.0,53.0,,,15218.0,24.0,15219.0,53.0,,,15217.0,-3561.375
0,48200,PINA_COLADAS,15211.0,88.0,,,,,15214.0,32.0,15215.0,56.0,,,15212.5,-3088.5
0,48300,PINA_COLADAS,15213.0,93.0,,,,,15216.0,93.0,,,,,15214.5,-3302.625
0,48400,PINA_COLADAS,15218.0,31.0,15217.0,76.0,,,15220.0,76.0,,,,,15219.0,-3750.75
0,48500,PINA_COLADAS,15218.0,83.0,,,,,15221.0,83.0,,,,,15219.5,-3845.375
0,48600,PINA_COLADAS,15215.0,104.0,,,,,15218.0,104.0,,,,,15216.5,-3525.625
0,48700,PINA_COLADAS,15213.0,91.0,,,,,15216.0,91.0,,,,,15214.5,-3280.125
0,48800,PINA_COLADAS,15217.0,88.0,,,,,15220.0,88.0,,,,,15218.5,-3718.875
0,48900,PINA_COLADAS,15219.0,96.0,,,,,15222.0,96.0,,,,,15220.5,-3968.625
0,49000,PINA_COLADAS,15220.0,90.0,,,,,15223.0,90.0,,,,,15221.5,-4106.75
0,49100,PINA_COLADAS,15221.0,40.0,15220.0,60.0,,,15223.0,40.0,15224.0,60.0,,,15222.0,-4133.875
0,49200,PINA_COLADAS,15220.0,63.0,,,,,15221.0,17.0,15223.0,22.0,15224.0,63.0,15220.5,-4159.25
0,49300,PINA_COLADAS,15218.0,90.0,,,,,15221.0,90.0,,,,,15219.5,-3780.75
0,49400,PINA_COLADAS,15218.0,33.0,15217.0,95.0,,,15220.0,95.0,,,,,15219.0,-3597.25
0,49500,PINA_COLADAS,15216.0,105.0,,,,,15219.0,105.0,,,,,15217.5,-3484.75
0,49600,PINA_COLADAS,15215.0,30.0,15214.0,75.0,,,15218.0,105.0,,,,,15216.5,-3272.25
0,49700,PINA_COLADAS,15212.0,92.0,,,,,15215.0,37.0,15216.0,55.0,,,15213.5,-2931.25
0,49800,PINA_COLADAS,15211.0,22.0,15210.0,52.0,,,15214.0,74.0,,,,,15212.5,-2671.0
0,49900,PINA_COLADAS,15212.0,93.0,,,,,15215.0,21.0,15216.0,72.0,,,15213.5,-2921.0
0,50000,PINA_COLADAS,15213.0,85.0,,,,,15216.0,85.0,,,,,15214.5,-3038.25
0,50100,PINA_COLADAS,15216.0,102.0,,,,,15219.0,102.0,,,,,15217.5,-3449.25
0,50200,PINA_COLADAS,15213.0,31.0,15212.0,55.0,,,15216.0,86.0,,,,,15214.5,-2962.5
0,50300,PINA_COLADAS,15212.0,95.0,,,,,15215.0,95.0,,,,,15213.5,-2875.75
0,50400,PINA_COLADAS,15215.0,38.0,15214.0,72.0,,,15218.0,110.0,,,,,15216.5,-3277.75
0,50500,PINA_COLADAS,15216.0,102.0,,,,,15219.0,102.0,,,,,15217.5,-3498.25
0,50600,PINA_COLADAS,15219.0,84.0,,,,,15222.0,84.0,,,,,15220.5,-3939.25
0,50700,PINA_COLADAS,15218.0,97.0,,,,,15221.0,97.0,,,,,15219.5,-3781.75
0,50800,PINA_COLADAS,15218.0,39.0,15217.0,58.0,,,15220.0,39.0,15221.0,58.0,,,15219.0,-3728.75
0,50900,PINA_COLADAS,15217.0,104.0,,,,,15220.0,30.0,15221.0,74.0,,,15218.5,-3698.75
0,51000,PINA_COLADAS,15217.0,74.0,,,,,15220.0,74.0,,,,,15218.5,-3650.5
0,51100,PINA_COLADAS,15217.0,100.0,,,,,15220.0,100.0,,,,,15218.5,-3668.25
0,51200,PINA_COLADAS,15217.0,33.0,15216.0,55.0,,,15219.0,33.0,15220.0,55.0,,,15218.0,-3563.0
0,51300,PINA_COLADAS,15218.0,36.0,15217.0,60.0,,,15220.0,36.0,15221.0,60.0,,,15219.0,-3711.25
0,51400,PINA_COLADAS,15219.0,91.0,,,,,15220.0,23.0,15222.0,91.0,,,15219.5,-3936.0
0,51500,PINA_COLADAS,15221.0,98.0,,,,,15224.0,98.0,,,,,15222.5,-4281.5
0,51600,PINA_COLADAS,15221.0,104.0,,,,,15224.0,104.0,,,,,15222.5,-4274.75
0,51700,PINA_COLADAS,15221.0,109.0,,,,,15224.0,109.0,,,,,15222.5,-4259.0
0,51800,PINA_COLADAS,15220.0,27.0,15219.0,65.0,,,15222.0,27.0,15223.0,65.0,,,15221.0,-4029.0
0,51900,PINA_COLADAS,15219.0,21.0,15218.0,68.0,,,15221.0,21.0,15222.0,68.0,,,15220.0,-3878.75
0,52000,PINA_COLADAS,15218.0,85.0,,,,,15221.0,20.0,15222.0,65.0,,,15219.5,-3847.25
0,52100,PINA_COLADAS,15216.0,20.0,15215.0,57.0,,,15219.0,77.0,,,,,15217.5,-3438.75
0,52200,PINA_COLADAS,15216.0,85.0,,,,,15219.0,85.0,,,,,15217.5,-3491.0
0,52300,PINA_COLADAS,15218.0,89.0,,,,,15221.0,89.0,,,,,15219.5,-3760.75
0,52400,PINA_COLADAS,15219.0,76.0,,,,,15222.0,76.0,,,,,15220.5,-3934.75
0,52500,PINA_COLADAS,15220.0,103.0,,,,,15223.0,37.0,15224.0,66.0,,,15221.5,-4161.5
0,52600,PINA_COLADAS,15219.0,96.0,,,,,15222.0,96.0,,,,,15220.5,-3986.75
0,52700,PINA_COLADAS,15217.0,94.0,,,,,15220.0,94.0,,,,,15218.5,-3606.25
0,52800,PINA_COLADAS,15218.0,88.0,,,,,15221.0,88.0,,,,,15219.5,-3795.5
0,52900,PINA_COLADAS,15218.0,39.0,15217.0,74.0,,,15220.0,39.0,15221.0,74.0,,,15219.0,-3705.25
0,53000,PINA_COLADAS,15220.0,99.0,,,,,15223.0,99.0,,,,,15221.5,-4120.75
0,53100,PINA_COLADAS,15221.0,28.0,15220.0,61.0,,,15224.0,89.0,,,,,15222.5,-4208.5
0,53200,PINA_COLADAS,15218.0,104.0,,,,,15221.0,104.0,,,,,15219.5,-3750.0
0,53300,PINA_COLADAS,15216.0,91.0,,,,,15219.0,39.0,15220.0,52.0,,,15217.5,-3541.75
0,53400,PINA_COLADAS,15217.0,89.0,,,,,15220.0,89.0,,,,,15218.5,-3625.0
0,53500,PINA_COLADAS,15215.0,87.0,,,,,15218.0,87.0,,,,,15216.5,-3322.5
0,53600,PINA_COLADAS,15215.0,95.0,,,,,15218.0,95.0,,,,,15216.5,-3296.5
0,53700,PINA_COLADAS,15211.0,87.0,,,,,15214.0,24.0,15215.0,63.0,,,15212.5,-2768.25
0,53800,PINA_COLADAS,15212.0,93.0,,,,,15215.0,93.0,,,,,15213.5,-2900.75
0,53900,PINA_COLADAS,15214.0,104.0,,,,,15217.0,104.0,,,,,15215.5,-3213.75
0,54000,PINA_COLADAS,15213.0,101.0,,,,,15216.0,101.0,,,,,15214.5,-3027.5
0,54100,PINA_COLADAS,15214.0,94.0,,,,,15217.0,94.0,,,,,15215.5,-3161.0
0,54200,PINA_COLADAS,15216.0,29.0,15215.0,64.0,,,15218.0,29.0,15219.0,64.0,,,15217.0,-3420.5
0,54300,PINA_COLADAS,15213.0,82.0,,,,,15216.0,82.0,,,,,15214.5,-3026.25
0,54400,PINA_COLADAS,15216.0,25.0,15215.0,50.0,,,15219.0,75.0,,,,,15217.5,-3427.75
0,54500,PINA_COLADAS,15217.0,100.0,,,,,15220.0,100.0,,,,,15218.5,-3614.25
0,54600,PINA_COLADAS,15218.0,93.0,,,,,15221.0,93.0,,,,,15219.5,-3797.0
0,54700,PINA_COLADAS,15220.0,72.0,,,,,15223.0,72.0,,,,,15221.5,-4126.0
0,54800,PINA_COLADAS,15219.0,34.0,15218.0,67.0,,,15222.0,101.0,,,,,15220.5,-3885.0
0,54900,PINA_COLADAS,15222.0,90.0,,,,,15225.0,36.0,15226.0,54.0,,,15223.5,-4455.5
0,55000,PINA_COLADAS,15224.0,84.0,,,,,15227.0,84.0,,,,,15225.5,-4690.25
0,55100,PINA_COLADAS,15224.0,24.0,15223.0,54.0,,,15226.0,24.0,15227.0,54.0,,,15225.0,-4627.75
0,55200,PINA_COLADAS,15220.0,24.0,15219.0,87.0,,,15222.0,31.0,15223.0,56.0,,,15221.0,-4007.75
0,55300,PINA_COLADAS,15220.0,25.0,15219.0,63.0,,,15222.0,25.0,15223.0,63.0,,,15221.0,-4033.75
0,55400,PINA_COLADAS,15222.0,83.0,,,,,15225.0,83.0,,,,,15223.5,-4420.75
0,55500,PINA_COLADAS,15220.0,89.0,,,,,15221.0,28.0,15223.0,32.0,15224.0,57.0,15220.5,-4145.75
0,55600,PINA_COLADAS,15221.0,38.0,15220.0,60.0,,,15223.0,38.0,15224.0,60.0,,,15222.0,-4184.25
0,55700,PINA_COLADAS,15219.0,31.0,15218.0,62.0,,,15222.0,93.0,,,,,15220.5,-3898.75
0,55800,PINA_COLADAS,15220.0,104.0,,,,,15223.0,104.0,,,,,15221.5,-4073.75
0,55900,PINA_COLADAS,15221.0,94.0,,,,,15224.0,94.0,,,,,15222.5,-4281.25
0,56000,PINA_COLADAS,15222.0,95.0,,,,,15225.0,95.0,,,,,15223.5,-4401.0
0,56100,PINA_COLADAS,15220.0,85.0,,,,,15223.0,20.0,15224.0,65.0,,,15221.5,-4160.5
0,56200,PINA_COLADAS,15224.0,79.0,,,,,15227.0,79.0,,,,,15225.5,-4691.75
0,56300,PINA_COLADAS,15228.0,21.0,15227.0,80.0,,,15230.0,80.0,,,,,15229.0,-5138.5
0,56400,PINA_COLADAS,15227.0,89.0,,,,,15230.0,89.0,,,,,15228.5,-5219.25
0,56500,PINA_COLADAS,15225.0,87.0,,,,,15228.0,28.0,15229.0,59.0,,,15226.5,-4922.75
0,56600,PINA_COLADAS,15221.0,83.0,,,,,15224.0,27.0,15225.0,56.0,,,15222.5,-4308.5
0,56700,PINA_COLADAS,15227.0,88.0,,,,,15230.0,88.0,,,,,15228.5,-5139.75
0,56800,PINA_COLADAS,15225.0,111.0,,,,,15228.0,38.0,15229.0,73.0,,,15226.5,-4928.25
0,56900,PINA_COLADAS,15223.0,25.0,15222.0,70.0,,,15226.0,95.0,,,,,15224.5,-4502.25
0,57000,PINA_COLADAS,15221.0,111.0,,,,,15224.0,39.0,15225.0,72.0,,,15222.5,-4308.0
0,57100,PINA_COLADAS,15219.0,87.0,,,,,15222.0,87.0,,,,,15220.5,-3975.5
0,57200,PINA_COLADAS,15220.0,20.0,15219.0,64.0,,,15222.0,20.0,15223.0,64.0,,,15221.0,-4022.0
0,57300,PINA_COLADAS,15219.0,37.0,15218.0,66.0,,,15221.0,37.0,15222.0,66.0,,,15220.0,-3874.75
0,57400,PINA_COLADAS,15219.0,82.0,,,,,15222.0,26.0,15223.0,56.0,,,15220.5,-4003.5
0,57500,PINA_COLADAS,15220.0,26.0,15219.0,72.0,,,15223.0,98.0,,,,,15221.5,-4049.5
0,57600,PINA_COLADAS,15220.0,85.0,,,,,15223.0,85.0,,,,,15221.5,-4103.25
0,57700,PINA_COLADAS,15215.0,101.0,,,,,15218.0,101.0,,,,,15216.5,-3293.75
0,57800,PINA_COLADAS,15215.0,87.0,,,,,15218.0,87.0,,,,,15216.5,-3297.25
0,57900,PINA_COLADAS,15217.0,106.0,,,,,15220.0,40.0,15221.0,66.0,,,15218.5,-3700.5
0,58000,PINA_COLADAS,15217.0,80.0,,,,,15220.0,80.0,,,,,15218.5,-3632.75
0,58100,PINA_COLADAS,15221.0,108.0,,,,,15224.0,108.0,,,,,15222.5,-4284.25
0,58200,PINA_COLADAS,15218.0,89.0,,,,,15221.0,34.0,15222.0,55.0,,,15219.5,-3855.25
0,58300,PINA_COLADAS,15219.0,37.0,15218.0,56.0,,,15222.0,93.0,,,,,15220.5,-3892.5
0,58400,PINA_COLADAS,15216.0,95.0,,,,,15219.0,95.0,,,,,15217.5,-3447.25
0,58500,PINA_COLADAS,15216.0,33.0,15215.0,72.0,,,15218.0,33.0,15219.0,72.0,,,15217.0,-3413.0
0,58600,PINA_COLADAS,15214.0,96.0,,,,,15217.0,30.0,15218.0,66.0,,,15215.5,-3237.0
0,58700,PINA_COLADAS,15216.0,36.0,15215.0,72.0,,,15218.0,36.0,15219.0,72.0,,,15217.0,-3403.5
0,58800,PINA_COLADAS,15219.0,80.0,,,,,15222.0,80.0,,,,,15220.5,-3930.75
0,58900,PINA_COLADAS,15218.0,73.0,,,,,15221.0,20.0,15222.0,53.0,,,15219.5,-3854.75
0,59000,PINA_COLADAS,15219.0,98.0,,,,,15222.0,98.0,,,,,15220.5,-3935.0
0,59100,PINA_COLADAS,15219.0,38.0,15218.0,75.0,,,15221.0,38.0,15222.0,75.0,,,15220.0,-3867.0
0,59200,PINA_COLADAS,15221.0,26.0,15220.0,70.0,,,15223.0,26.0,15224.0,70.0,,,15222.0,-4175.25
0,59300,PINA_COLADAS,15219.0,109.0,,,,,15222.0,38.0,15223.0,71.0,,,15220.5,-4006.25
0,59400,PINA_COLADAS,15220.0,103.0,,,,,15223.0,103.0,,,,,15221.5,-4127.5
0,59500,PINA_COLADAS,15215.0,86.0,,,,,15218.0,20.0,15219.0,66.0,,,15216.5,-3378.5
0,59600,PINA_COLADAS,15216.0,112.0,,,,,15219.0,39.0,15220.0,73.0,,,15217.5,-3541.75
0,59700,PINA_COLADAS,15215.0,113.0,,,,,15218.0,113.0,,,,,15216.5,-3331.5
0,59800,PINA_COLADAS,15211.0,98.0,,,,,15214.0,98.0,,,,,15212.5,-2678.5
0,59900,PINA_COLADAS,15209.0,81.0,,,,,15212.0,27.0,15213.0,54.0,,,15210.5,-2458.25
0,60000,PINA_COLADAS,15209.0,115.0,,,,,15212.0,115.0,,,,,15210.5,-2364.5
0,60100,PINA_COLADAS,15208.0,87.0,,,,,15211.0,35.0,15212.0,52.0,,,15209.5,-2316.5
0,60200,PINA_COLADAS,15208.0,100.0,,,,,15211.0,32.0,15212.0,68.0,,,15209.5,-2298.0
0,60300,PINA_COLADAS,15203.0,86.0,,,,,15206.0,25.0,15207.0,61.0,,,15204.5,-1535.75
0,60400,PINA_COLADAS,15203.0,91.0,,,,,15206.0,91.0,,,,,15204.5,-1458.75
0,60500,PINA_COLADAS,15204.0,24.0,15203.0,70.0,,,15206.0,24.0,15207.0,70.0,,,15205.0,-1567.25
0,60600,PINA_COLADAS,15204.0,57.0,15203.0,54.0,,,15206.0,32.0,15207.0,54.0,,,15205.0,-1549.0
0,60700,PINA_COLADAS,15208.0,94.0,,,,,15211.0,94.0,,,,,15209.5,-2225.75
0,60800,PINA_COLADAS,15207.0,87.0,,,,,15210.0,87.0,,,,,15208.5,-2138.25
0,60900,PINA_COLADAS,15207.0,91.0,,,,,15210.0,91.0,,,,,15208.5,-2102.0
0,61000,PINA_COLADAS,15203.0,75.0,,,,,15206.0,23.0,15207.0,52.0,,,15204.5,-1527.0
0,61100,PINA_COLADAS,15207.0,83.0,,,,,15210.0,83.0,,,,,15208.5,-2060.0
0,61200,PINA_COLADAS,15204.0,93.0,,,,,15207.0,93.0,,,,,15205.5,-1643.75
0,61300,PINA_COLADAS,15205.0,91.0,,,,,15208.0,91.0,,,,,15206.5,-1803.0
0,61400,PINA_COLADAS,15206.0,72.0,,,,,15209.0,21.0,15210.0,51.0,,,15207.5,-2003.0
0,61500,PINA_COLADAS,15206.0,91.0,,,,,15209.0,91.0,,,,,15207.5,-1917.25
0,61600,PINA_COLADAS,15208.0,106.0,,,,,15211.0,106.0,,,,,15209.5,-2210.5
0,61700,PINA_COLADAS,15207.0,111.0,,,,,15210.0,111.0,,,,,15208.5,-2060.75
0,61800,PINA_COLADAS,15209.0,82.0,,,,,15212.0,82.0,,,,,15210.5,-2375.75
0,61900,PINA_COLADAS,15210.0,21.0,15209.0,62.0,,,15212.0,21.0,15213.0,62.0,,,15211.0,-2490.5
0,62000,PINA_COLADAS,15208.0,97.0,,,,,15211.0,97.0,,,,,15209.5,-2239.5
0,62100,PINA_COLADAS,15208.0,35.0,15207.0,69.0,,,15210.0,35.0,15211.0,69.0,,,15209.0,-2182.0
0,62200,PINA_COLADAS,15207.0,99.0,,,,,15210.0,99.0,,,,,15208.5,-2057.75
0,62300,PINA_COLADAS,15208.0,27.0,15207.0,75.0,,,15211.0,102.0,,,,,15209.5,-2185.25
0,62400,PINA_COLADAS,15210.0,37.0,15209.0,60.0,,,15213.0,97.0,,,,,15211.5,-2510.75
0,62500,PINA_COLADAS,15211.0,97.0,,,,,15214.0,27.0,15215.0,70.0,,,15212.5,-2785.0
0,62600,PINA_COLADAS,15210.0,31.0,15209.0,71.0,,,15212.0,31.0,15213.0,71.0,,,15211.0,-2480.25
0,62700,PINA_COLADAS,15209.0,88.0,,,,,15212.0,88.0,,,,,15210.5,-2380.5
0,62800,PINA_COLADAS,15210.0,40.0,15209.0,64.0,,,15213.0,104.0,,,,,15211.5,-2513.5
0,62900,PINA_COLADAS,15210.0,108.0,,,,,15213.0,108.0,,,,,15211.5,-2561.5
0,63000,PINA_COLADAS,15209.0,58.0,15208.0,73.0,,,15211.0,26.0,15212.0,73.0,,,15210.0,-2324.5
0,63100,PINA_COLADAS,15210.0,6.0,15209.0,25.0,15208.0,72.0,15211.0,25.0,15212.0,72.0,,,15210.5,-2319.75
0,63200,PINA_COLADAS,15205.0,90.0,,,,,15208.0,90.0,,,,,15206.5,-1772.75
0,63300,PINA_COLADAS,15207.0,35.0,15206.0,63.0,,,15210.0,98.0,,,,,15208.5,-2043.75
0,63400,PINA_COLADAS,15203.0,80.0,,,,,15206.0,80.0,,,,,15204.5,-1460.75
0,63500,PINA_COLADAS,15202.0,23.0,15201.0,98.0,,,15204.0,98.0,,,,,15203.0,-1176.25
0,63600,PINA_COLADAS,15202.0,38.0,15201.0,71.0,,,15205.0,109.0,,,,,15203.5,-1248.5
0,63700,PINA_COLADAS,15202.0,82.0,,,,,15205.0,82.0,,,,,15203.5,-1272.0
0,63800,PINA_COLADAS,15201.0,85.0,,,,,15204.0,85.0,,,,,15202.5,-1122.0
0,63900,PINA_COLADAS,15198.0,26.0,15197.0,63.0,,,15200.0,26.0,15201.0,63.0,,,15199.0,-579.5
0,64000,PINA_COLADAS,15200.0,23.0,15199.0,67.0,,,15202.0,23.0,15203.0,67.0,,,15201.0,-912.25
0,64100,PINA_COLADAS,15199.0,21.0,15198.0,74.0,,,15201.0,21.0,15202.0,74.0,,,15200.0,-759.5
0,64200,PINA_COLADAS,15197.0,106.0,,,,,15200.0,106.0,,,,,15198.5,-551.25
0,64300,PINA_COLADAS,15197.0,98.0,,,,,15200.0,98.0,,,,,15198.5,-544.75
0,64400,PINA_COLADAS,15198.0,102.0,,,,,15201.0,102.0,,,,,15199.5,-625.25
0,64500,PINA_COLADAS,15197.0,37.0,15196.0,60.0,,,15199.0,37.0,15200.0,60.0,,,15198.0,-441.5
0,64600,PINA_COLADAS,15196.0,93.0,,,,,15199.0,93.0,,,,,15197.5,-351.5
0,64700,PINA_COLADAS,15196.0,88.0,,,,,15199.0,88.0,,,,,15197.5,-387.25
0,64800,PINA_COLADAS,15197.0,28.0,15196.0,61.0,,,15199.0,28.0,15200.0,61.0,,,15198.0,-430.0
0,64900,PINA_COLADAS,15194.0,24.0,15193.0,55.0,,,15197.0,79.0,,,,,15195.5,11.0
0,65000,PINA_COLADAS,15191.0,97.0,,,,,15194.0,97.0,,,,,15192.5,431.5
0,65100,PINA_COLADAS,15195.0,25.0,15194.0,57.0,,,15198.0,82.0,,,,,15196.5,-137.25
0,65200,PINA_COLADAS,15194.0,100.0,,,,,15197.0,100.0,,,,,15195.5,-55.25
0,65300,PINA_COLADAS,15197.0,23.0,15196.0,51.0,,,15198.0,34.0,15200.0,74.0,,,15197.5,-446.25
0,65400,PINA_COLADAS,15192.0,30.0,15191.0,58.0,,,15194.0,30.0,15195.0,58.0,,,15193.0,370.25
0,65500,PINA_COLADAS,15191.0,94.0,,,,,15194.0,94.0,,,,,15192.5,402.75
0,65600,PINA_COLADAS,15189.0,85.0,,,,,15192.0,85.0,,,,,15190.5,749.25
0,65700,PINA_COLADAS,15192.0,91.0,,,,,15193.0,31.0,15195.0,32.0,15196.0,59.0,15192.5,226.75
0,65800,PINA_COLADAS,15195.0,78.0,,,,,15198.0,21.0,15199.0,57.0,,,15196.5,-257.5
0,65900,PINA_COLADAS,15193.0,100.0,,,,,15196.0,100.0,,,,,15194.5,96.25
0,66000,PINA_COLADAS,15194.0,37.0,15193.0,53.0,,,15196.0,37.0,15197.0,53.0,,,15195.0,33.75
0,66100,PINA_COLADAS,15193.0,40.0,15192.0,105.0,,,15195.0,31.0,15196.0,74.0,,,15194.0,227.5
0,66200,PINA_COLADAS,15195.0,95.0,,,,,15198.0,95.0,,,,,15196.5,-221.5
0,66300,PINA_COLADAS,15193.0,87.0,,,,,15196.0,87.0,,,,,15194.5,111.25
0,66400,PINA_COLADAS,15195.0,94.0,,,,,15198.0,94.0,,,,,15196.5,-224.25
0,66500,PINA_COLADAS,15196.0,73.0,,,,,15197.0,34.0,15199.0,73.0,,,15196.5,-354.0
0,66600,PINA_COLADAS,15197.0,112.0,,,,,15200.0,112.0,,,,,15198.5,-531.0
0,66700,PINA_COLADAS,15197.0,26.0,15196.0,69.0,,,15199.0,26.0,15200.0,69.0,,,15198.0,-432.5
0,66800,PINA_COLADAS,15200.0,94.0,,,,,15203.0,94.0,,,,,15201.5,-969.0
0,66900,PINA_COLADAS,15204.0,82.0,,,,,15207.0,82.0,,,,,15205.5,-1653.5
0,67000,PINA_COLADAS,15204.0,99.0,,,,,15207.0,99.0,,,,,15205.5,-1624.0
0,67100,PINA_COLADAS,15205.0,81.0,,,,,15208.0,81.0,,,,,15206.5,-1801.0
0,67200,PINA_COLADAS,15204.0,90.0,,,,,15207.0,90.0,,,,,15205.5,-1603.0
0,67300,PINA_COLADAS,15205.0,107.0,,,,,15208.0,107.0,,,,,15206.5,-1772.0
0,67400,PINA_COLADAS,15204.0,38.0,15203.0,63.0,,,15206.0,38.0,15207.0,63.0,,,15205.0,-1541.5
0,67500,PINA_COLADAS,15202.0,87.0,,,,,15205.0,87.0,,,,,15203.5,-1316.25
0,67600,PINA_COLADAS,15201.0,102.0,,,,,15204.0,102.0,,,,,15202.5,-1116.0
0,67700,PINA_COLADAS,15203.0,24.0,15202.0,64.0,,,15205.0,24.0,15206.0,64.0,,,15204.0,-1377.75
0,67800,PINA_COLADAS,15205.0,24.0,15204.0,57.0,,,15208.0,81.0,,,,,15206.5,-1711.75
0,67900,PINA_COLADAS,15201.0,88.0,,,,,15204.0,88.0,,,,,15202.5,-1180.75
0,68000,PINA_COLADAS,15201.0,24.0,15200.0,59.0,,,15203.0,24.0,15204.0,59.0,,,15202.0,-1072.0
0,68100,PINA_COLADAS,15198.0,89.0,,,,,15201.0,28.0,15202.0,61.0,,,15199.5,-712.75
0,68200,PINA_COLADAS,15199.0,40.0,15198.0,54.0,,,15201.0,40.0,15202.0,54.0,,,15200.0,-737.0
0,68300,PINA_COLADAS,15199.0,87.0,,,,,15202.0,22.0,15203.0,65.0,,,15200.5,-886.75
0,68400,PINA_COLADAS,15200.0,27.0,15199.0,67.0,,,15202.0,27.0,15203.0,67.0,,,15201.0,-917.25
0,68500,PINA_COLADAS,15198.0,96.0,,,,,15201.0,36.0,15202.0,60.0,,,15199.5,-718.75
0,68600,PINA_COLADAS,15200.0,40.0,15199.0,62.0,,,15202.0,40.0,15203.0,62.0,,,15201.0,-897.75
0,68700,PINA_COLADAS,15201.0,26.0,15200.0,31.0,15199.0,57.0,15202.0,31.0,15203.0,57.0,,,15201.5,-915.5
0,68800,PINA_COLADAS,15201.0,40.0,15200.0,91.0,,,15203.0,91.0,,,,,15202.0,-982.25
0,68900,PINA_COLADAS,15201.0,20.0,15200.0,53.0,,,15203.0,20.0,15204.0,53.0,,,15202.0,-1049.25
0,69000,PINA_COLADAS,15197.0,40.0,15196.0,56.0,,,15199.0,40.0,15200.0,56.0,,,15198.0,-433.0
0,69100,PINA_COLADAS,15197.0,84.0,,,,,15200.0,84.0,,,,,15198.5,-538.25
0,69200,PINA_COLADAS,15197.0,23.0,15196.0,75.0,,,15200.0,98.0,,,,,15198.5,-453.75
0,69300,PINA_COLADAS,15198.0,100.0,,,,,15201.0,100.0,,,,,15199.5,-642.75
0,69400,PINA_COLADAS,15193.0,104.0,,,,,15196.0,104.0,,,,,15194.5,136.0
0,69500,PINA_COLADAS,15191.0,24.0,15190.0,67.0,,,15193.0,24.0,15194.0,67.0,,,15192.0,517.5
0,69600,PINA_COLADAS,15189.0,82.0,,,,,15192.0,82.0,,,,,15190.5,756.0
0,69700,PINA_COLADAS,15189.0,35.0,15188.0,54.0,,,15191.0,35.0,15192.0,54.0,,,15190.0,861.0
0,69800,PINA_COLADAS,15189.0,104.0,,,,,15192.0,104.0,,,,,15190.5,769.75
0,69900,PINA_COLADAS,15186.0,32.0,15185.0,64.0,,,15187.0,38.0,15189.0,96.0,,,15186.5,1316.25
0,70000,PINA_COLADAS,15185.0,76.0,,,,,15186.0,25.0,15188.0,76.0,,,15185.5,1443.0
0,70100,PINA_COLADAS,15183.0,91.0,,,,,15186.0,91.0,,,,,15184.5,1700.25
0,70200,PINA_COLADAS,15183.0,86.0,,,,,15186.0,86.0,,,,,15184.5,1771.5
0,70300,PINA_COLADAS,15180.0,85.0,,,,,15183.0,31.0,15184.0,54.0,,,15181.5,2175.5
0,70400,PINA_COLADAS,15182.0,53.0,15181.0,73.0,,,15184.0,29.0,15185.0,73.0,,,15183.0,1994.25
0,70500,PINA_COLADAS,15179.0,89.0,,,,,15182.0,89.0,,,,,15180.5,2431.0
0,70600,PINA_COLADAS,15179.0,89.0,,,,,15182.0,37.0,15183.0,52.0,,,15180.5,2322.0
0,70700,PINA_COLADAS,15176.0,97.0,,,,,15179.0,97.0,,,,,15177.5,2925.5
0,70800,PINA_COLADAS,15178.0,103.0,,,,,15181.0,103.0,,,,,15179.5,2517.5
0,70900,PINA_COLADAS,15178.0,82.0,,,,,15181.0,82.0,,,,,15179.5,2579.75
0,71000,PINA_COLADAS,15178.0,75.0,15177.0,75.0,,,15180.0,35.0,15181.0,75.0,,,15179.0,2649.5
0,71100,PINA_COLADAS,15178.0,103.0,,,,,15181.0,103.0,,,,,15179.5,2517.25
0,71200,PINA_COLADAS,15176.0,103.0,,,,,15179.0,103.0,,,,,15177.5,2938.5
0,71300,PINA_COLADAS,15176.0,91.0,,,,,15179.0,91.0,,,,,15177.5,2912.25
0,71400,PINA_COLADAS,15175.0,80.0,,,,,15178.0,80.0,,,,,15176.5,3066.25
0,71500,PINA_COLADAS,15178.0,67.0,,,,,15181.0,78.0,,,,,15179.5,2565.0
0,71600,PINA_COLADAS,15175.0,82.0,,,,,15178.0,82.0,,,,,15176.5,3100.75
0,71700,PINA_COLADAS,15179.0,100.0,,,,,15182.0,100.0,,,,,15180.5,2406.0
0,71800,PINA_COLADAS,15183.0,77.0,,,,,15186.0,27.0,15187.0,50.0,,,15184.5,1580.0
0,71900,PINA_COLADAS,15181.0,87.0,,,,,15184.0,87.0,,,,,15182.5,2036.75
0,72000,PINA_COLADAS,15182.0,92.0,,,,,15185.0,101.0,,,,,15183.5,1790.75
0,72100,PINA_COLADAS,15183.0,87.0,,,,,15186.0,87.0,,,,,15184.5,1662.5
0,72200,PINA_COLADAS,15183.0,38.0,15182.0,63.0,,,15186.0,101.0,,,,,15184.5,1685.75
0,72300,PINA_COLADAS,15185.0,20.0,15184.0,98.0,,,15187.0,98.0,,,,,15186.0,1426.0
0,72400,PINA_COLADAS,15185.0,21.0,15184.0,58.0,,,15186.0,37.0,15187.0,21.0,15188.0,58.0,15185.5,1337.5
0,72500,PINA_COLADAS,15185.0,95.0,,,,,15188.0,95.0,,,,,15186.5,1218.0
0,72600,PINA_COLADAS,15189.0,33.0,15188.0,65.0,,,15191.0,33.0,15192.0,65.0,,,15190.0,595.75
0,72700,PINA_COLADAS,15189.0,33.0,15188.0,87.0,,,15191.0,87.0,,,,,15190.0,690.25
0,72800,PINA_COLADAS,15185.0,29.0,15184.0,60.0,,,15187.0,29.0,15188.0,60.0,,,15186.0,1347.25
0,72900,PINA_COLADAS,15185.0,97.0,,,,,15188.0,97.0,,,,,15186.5,1195.25
0,73000,PINA_COLADAS,15186.0,105.0,,,,,15189.0,105.0,,,,,15187.5,1079.75
0,73100,PINA_COLADAS,15185.0,86.0,,,,,15188.0,29.0,15189.0,57.0,,,15186.5,1188.0
0,73200,PINA_COLADAS,15186.0,100.0,,,,,15189.0,100.0,,,,,15187.5,1086.25
0,73300,PINA_COLADAS,15185.0,32.0,15184.0,58.0,,,15187.0,32.0,15188.0,58.0,,,15186.0,1358.75
0,73400,PINA_COLADAS,15186.0,79.0,,,,,15189.0,79.0,,,,,15187.5,1085.0
0,73500,PINA_COLADAS,15187.0,93.0,,,,,15190.0,93.0,,,,,15188.5,842.0
0,73600,PINA_COLADAS,15186.0,75.0,,,,,15189.0,21.0,15190.0,54.0,,,15187.5,993.25
0,73700,PINA_COLADAS,15183.0,90.0,,,,,15186.0,90.0,,,,,15184.5,1668.0
0,73800,PINA_COLADAS,15178.0,76.0,,,,,15181.0,76.0,,,,,15179.5,2537.25
0,73900,PINA_COLADAS,15179.0,96.0,,,,,15182.0,96.0,,,,,15180.5,2397.75
0,74000,PINA_COLADAS,15178.0,23.0,15177.0,58.0,,,15180.0,23.0,15181.0,58.0,,,15179.0,2664.0
0,74100,PINA_COLADAS,15177.0,89.0,,,,,15180.0,89.0,,,,,15178.5,2774.0
0,74200,PINA_COLADAS,15176.0,97.0,,,,,15179.0,97.0,,,,,15177.5,2912.0
0,74300,PINA_COLADAS,15178.0,83.0,,,,,15181.0,83.0,,,,,15179.5,2612.5
0,74400,PINA_COLADAS,15176.0,83.0,,,,,15179.0,83.0,,,,,15177.5,2901.5
0,74500,PINA_COLADAS,15177.0,30.0,15176.0,72.0,,,15179.0,30.0,15180.0,72.0,,,15178.0,2848.5
0,74600,PINA_COLADAS,15173.0,103.0,,,,,15176.0,103.0,,,,,15174.5,3525.25
0,74700,PINA_COLADAS,15173.0,32.0,15172.0,66.0,,,15175.0,32.0,15176.0,66.0,,,15174.0,3610.25
0,74800,PINA_COLADAS,15173.0,86.0,,,,,15176.0,86.0,,,,,15174.5,3492.5
0,74900,PINA_COLADAS,15175.0,115.0,,,,,15178.0,115.0,,,,,15176.5,3094.0
0,75000,PINA_COLADAS,15172.0,92.0,,,,,15175.0,33.0,15176.0,59.0,,,15173.5,3618.0
0,75100,PINA_COLADAS,15174.0,104.0,,,,,15177.0,104.0,,,,,15175.5,3294.75
0,75200,PINA_COLADAS,15177.0,29.0,15176.0,62.0,,,15180.0,91.0,,,,,15178.5,2808.25
0,75300,PINA_COLADAS,15177.0,32.0,15176.0,51.0,,,15179.0,32.0,15180.0,51.0,,,15178.0,2851.25
0,75400,PINA_COLADAS,15176.0,34.0,15175.0,30.0,15174.0,50.0,15178.0,80.0,,,,,15177.0,3182.5
0,75500,PINA_COLADAS,15173.0,94.0,,,,,15176.0,94.0,,,,,15174.5,3497.0
0,75600,PINA_COLADAS,15171.0,90.0,,,,,15174.0,90.0,,,,,15172.5,3888.5
0,75700,PINA_COLADAS,15167.0,113.0,,,,,15170.0,113.0,,,,,15168.5,4647.25
0,75800,PINA_COLADAS,15165.0,90.0,,,,,15168.0,90.0,,,,,15166.5,4960.5
0,75900,PINA_COLADAS,15166.0,78.0,,,,,15169.0,78.0,,,,,15167.5,4800.25
0,76000,PINA_COLADAS,15167.0,92.0,,,,,15170.0,34.0,15171.0,58.0,,,15168.5,4560.75
0,76100,PINA_COLADAS,15166.0,37.0,15165.0,69.0,,,15169.0,106.0,,,,,15167.5,4881.75
0,76200,PINA_COLADAS,15165.0,27.0,15164.0,50.0,,,15168.0,77.0,,,,,15166.5,5071.25
0,76300,PINA_COLADAS,15165.0,101.0,,,,,15168.0,40.0,15169.0,61.0,,,15166.5,4947.5
0,76400,PINA_COLADAS,15169.0,95.0,,,,,15172.0,35.0,15173.0,60.0,,,15170.5,4184.25
0,76500,PINA_COLADAS,15166.0,85.0,,,,,15169.0,85.0,,,,,15167.5,4846.25
0,76600,PINA_COLADAS,15166.0,96.0,,,,,15169.0,96.0,,,,,15167.5,4794.0
0,76700,PINA_COLADAS,15166.0,92.0,,,,,15169.0,92.0,,,,,15167.5,4840.5
0,76800,PINA_COLADAS,15169.0,40.0,15168.0,59.0,,,15172.0,99.0,,,,,15170.5,4322.0
0,76900,PINA_COLADAS,15171.0,80.0,,,,,15174.0,80.0,,,,,15172.5,3932.75
0,77000,PINA_COLADAS,15173.0,35.0,15172.0,68.0,,,15175.0,35.0,15176.0,68.0,,,15174.0,3592.25
0,77100,PINA_COLADAS,15173.0,91.0,,,,,15176.0,30.0,15177.0,61.0,,,15174.5,3441.75
0,77200,PINA_COLADAS,15176.0,93.0,,,,,15179.0,93.0,,,,,15177.5,2986.75
0,77300,PINA_COLADAS,15175.0,95.0,,,,,15178.0,95.0,,,,,15176.5,3102.75
0,77400,PINA_COLADAS,15179.0,27.0,15178.0,53.0,,,15181.0,27.0,15182.0,53.0,,,15180.0,2471.75
0,77500,PINA_COLADAS,15175.0,93.0,,,,,15178.0,30.0,15179.0,63.0,,,15176.5,3054.0
0,77600,PINA_COLADAS,15176.0,83.0,,,,,15179.0,83.0,,,,,15177.5,2899.25
0,77700,PINA_COLADAS,15177.0,92.0,,,,,15180.0,92.0,,,,,15178.5,2710.0
0,77800,PINA_COLADAS,15178.0,100.0,,,,,15181.0,34.0,15182.0,66.0,,,15179.5,2500.0
0,77900,PINA_COLADAS,15180.0,22.0,15179.0,60.0,,,15183.0,82.0,,,,,15181.5,2247.5
0,78000,PINA_COLADAS,15181.0,84.0,,,,,15184.0,84.0,,,,,15182.5,2007.25
0,78100,PINA_COLADAS,15182.0,74.0,,,,,15185.0,74.0,,,,,15183.5,1839.25
0,78200,PINA_COLADAS,15182.0,76.0,,,,,15185.0,76.0,,,,,15183.5,1792.75
0,78300,PINA_COLADAS,15180.0,27.0,15179.0,68.0,,,15182.0,27.0,15183.0,68.0,,,15181.0,2268.0
0,78400,PINA_COLADAS,15183.0,90.0,,,,,15184.0,30.0,15186.0,90.0,,,15183.5,1602.25
0,78500,PINA_COLADAS,15181.0,110.0,,,,,15184.0,40.0,15185.0,70.0,,,15182.5,1943.5
0,78600,PINA_COLADAS,15180.0,91.0,,,,,15183.0,91.0,,,,,15181.5,2137.5
0,78700,PINA_COLADAS,15181.0,91.0,,,,,15184.0,91.0,,,,,15182.5,1991.5
0,78800,PINA_COLADAS,15182.0,89.0,,,,,15185.0,89.0,,,,,15183.5,1782.5
0,78900,PINA_COLADAS,15183.0,32.0,15182.0,64.0,,,15185.0,32.0,15186.0,64.0,,,15184.0,1710.25
0,79000,PINA_COLADAS,15180.0,21.0,15179.0,64.0,,,15183.0,85.0,,,,,15181.5,2260.25
0,79100,PINA_COLADAS,15177.0,33.0,15176.0,65.0,,,15179.0,33.0,15180.0,65.0,,,15178.0,2852.75
0,79200,PINA_COLADAS,15180.0,100.0,,,,,15183.0,100.0,,,,,15181.5,2146.75
0,79300,PINA_COLADAS,15181.0,80.0,,,,,15184.0,80.0,,,,,15182.5,1951.0
0,79400,PINA_COLADAS,15182.0,98.0,,,,,15185.0,98.0,,,,,15183.5,1844.25
0,79500,PINA_COLADAS,15180.0,81.0,,,,,15183.0,81.0,,,,,15181.5,2154.5
0,79600,PINA_COLADAS,15180.0,76.0,,,,,15183.0,76.0,,,,,15181.5,2210.5
0,79700,PINA_COLADAS,15179.0,80.0,,,,,15182.0,80.0,,,,,15180.5,2331.25
0,79800,PINA_COLADAS,15186.0,100.0,,,,,15189.0,27.0,15190.0,73.0,,,15187.5,996.75
0,79900,PINA_COLADAS,15186.0,29.0,15185.0,75.0,,,15188.0,29.0,15189.0,75.0,,,15187.0,1143.25
0,80000,PINA_COLADAS,15185.0,40.0,15184.0,64.0,,,15188.0,104.0,,,,,15186.5,1304.0
0,80100,PINA_COLADAS,15183.0,103.0,,,,,15186.0,103.0,,,,,15184.5,1572.25
0,80200,PINA_COLADAS,15185.0,98.0,,,,,15186.0,39.0,15188.0,98.0,,,15185.5,1270.75
0,80300,PINA_COLADAS,15184.0,84.0,,,,,15187.0,84.0,,,,,15185.5,1390.25
0,80400,PINA_COLADAS,15185.0,26.0,15184.0,53.0,,,15187.0,26.0,15188.0,53.0,,,15186.0,1337.5
0,80500,PINA_COLADAS,15186.0,40.0,15185.0,69.0,,,15189.0,109.0,,,,,15187.5,1128.75
0,80600,PINA_COLADAS,15186.0,22.0,15185.0,57.0,,,15188.0,22.0,15189.0,57.0,,,15187.0,1159.0
0,80700,PINA_COLADAS,15189.0,97.0,,,,,15192.0,97.0,,,,,15190.5,505.25
0,80800,PINA_COLADAS,15189.0,99.0,,,,,15192.0,99.0,,,,,15190.5,540.0
0,80900,PINA_COLADAS,15193.0,98.0,,,,,15196.0,98.0,,,,,15194.5,-218.25
0,81000,PINA_COLADAS,15191.0,87.0,,,,,15194.0,20.0,15195.0,67.0,,,15192.5,64.25
0,81100,PINA_COLADAS,15190.0,77.0,,,,,15193.0,77.0,,,,,15191.5,340.75
0,81200,PINA_COLADAS,15194.0,99.0,,,,,15197.0,99.0,,,,,15195.5,-423.5
0,81300,PINA_COLADAS,15191.0,30.0,15190.0,56.0,,,15194.0,86.0,,,,,15192.5,191.0
0,81400,PINA_COLADAS,15191.0,86.0,,,,,15194.0,86.0,,,,,15192.5,69.0
0,81500,PINA_COLADAS,15190.0,97.0,,,,,15193.0,97.0,,,,,15191.5,355.5
0,81600,PINA_COLADAS,15191.0,83.0,,,,,15194.0,83.0,,,,,15192.5,119.0
0,81700,PINA_COLADAS,15193.0,94.0,,,,,15196.0,39.0,15197.0,55.0,,,15194.5,-312.25
0,81800,PINA_COLADAS,15193.0,38.0,15192.0,53.0,,,15196.0,91.0,,,,,15194.5,-186.5
0,81900,PINA_COLADAS,15191.0,76.0,,,,,15194.0,76.0,,,,,15192.5,96.75
0,82000,PINA_COLADAS,15193.0,33.0,15192.0,71.0,,,15196.0,104.0,,,,,15194.5,-182.5
0,82100,PINA_COLADAS,15188.0,25.0,15187.0,50.0,,,15191.0,75.0,,,,,15189.5,751.25
0,82200,PINA_COLADAS,15186.0,92.0,,,,,15189.0,40.0,15190.0,52.0,,,15187.5,1004.0
0,82300,PINA_COLADAS,15187.0,81.0,,,,,15190.0,81.0,,,,,15188.5,880.0
0,82400,PINA_COLADAS,15184.0,72.0,,,,,15185.0,3.0,15187.0,32.0,15188.0,72.0,15184.5,1312.25
0,82500,PINA_COLADAS,15184.0,109.0,,,,,15185.0,30.0,15187.0,109.0,,,15184.5,1369.75
0,82600,PINA_COLADAS,15184.0,77.0,,,,,15187.0,23.0,15188.0,54.0,,,15185.5,1339.75
0,82700,PINA_COLADAS,15184.0,98.0,,,,,15187.0,98.0,,,,,15185.5,1465.25
0,82800,PINA_COLADAS,15185.0,82.0,,,,,15188.0,82.0,,,,,15186.5,1252.25
0,82900,PINA_COLADAS,15184.0,108.0,,,,,15187.0,108.0,,,,,15185.5,1373.0
0,83000,PINA_COLADAS,15184.0,82.0,,,,,15187.0,82.0,,,,,15185.5,1441.5
0,83100,PINA_COLADAS,15186.0,23.0,15185.0,77.0,,,15188.0,20.0,15189.0,57.0,,,15187.0,1131.25
0,83200,PINA_COLADAS,15187.0,75.0,,,,,15188.0,20.0,15190.0,75.0,,,15187.5,712.0
0,83300,PINA_COLADAS,15190.0,92.0,,,,,15193.0,92.0,,,,,15191.5,54.0
0,83400,PINA_COLADAS,15191.0,91.0,,,,,15194.0,91.0,,,,,15192.5,-116.5
0,83500,PINA_COLADAS,15192.0,91.0,,,,,15195.0,40.0,15196.0,51.0,,,15193.5,-409.5
0,83600,PINA_COLADAS,15193.0,22.0,15192.0,71.0,,,15195.0,22.0,15196.0,71.0,,,15194.0,-469.0
0,83700,PINA_COLADAS,15194.0,98.0,,,,,15197.0,98.0,,,,,15195.5,-770.5
0,83800,PINA_COLADAS,15194.0,96.0,,,,,15197.0,39.0,15198.0,57.0,,,15195.5,-865.5
0,83900,PINA_COLADAS,15194.0,92.0,,,,,15197.0,92.0,,,,,15195.5,-774.75
0,84000,PINA_COLADAS,15194.0,35.0,15193.0,60.0,,,15196.0,35.0,15197.0,60.0,,,15195.0,-681.5
0,84100,PINA_COLADAS,15193.0,88.0,,,,,15196.0,88.0,,,,,15194.5,-501.5
0,84200,PINA_COLADAS,15190.0,86.0,,,,,15193.0,86.0,,,,,15191.5,154.0
0,84300,PINA_COLADAS,15192.0,26.0,15191.0,72.0,,,15194.0,26.0,15195.0,72.0,,,15193.0,-243.5
0,84400,PINA_COLADAS,15191.0,91.0,,,,,15194.0,91.0,,,,,15192.5,-148.25
0,84500,PINA_COLADAS,15193.0,59.0,15192.0,69.0,,,15195.0,39.0,15196.0,69.0,,,15194.0,-441.5
0,84600,PINA_COLADAS,15194.0,73.0,,,,,15197.0,22.0,15198.0,51.0,,,15195.5,-870.0
0,84700,PINA_COLADAS,15196.0,36.0,15195.0,66.0,,,15198.0,36.0,15199.0,66.0,,,15197.0,-1113.75
0,84800,PINA_COLADAS,15197.0,21.0,15196.0,63.0,,,15199.0,21.0,15200.0,63.0,,,15198.0,-1347.25
0,84900,PINA_COLADAS,15202.0,82.0,,,,,15205.0,82.0,,,,,15203.5,-2569.5
0,85000,PINA_COLADAS,15201.0,20.0,15200.0,60.0,,,15203.0,20.0,15204.0,60.0,,,15202.0,-2221.75
0,85100,PINA_COLADAS,15197.0,103.0,,,,,15200.0,103.0,,,,,15198.5,-1469.5
0,85200,PINA_COLADAS,15200.0,63.0,15199.0,65.0,,,15202.0,26.0,15203.0,65.0,,,15201.0,-1985.75
0,85300,PINA_COLADAS,15202.0,37.0,15201.0,75.0,,,15204.0,37.0,15205.0,75.0,,,15203.0,-2413.0
0,85400,PINA_COLADAS,15205.0,11.0,15204.0,56.0,,,15208.0,77.0,,,,,15206.5,-3139.0
0,85500,PINA_COLADAS,15205.0,97.0,,,,,15206.0,28.0,15208.0,97.0,,,15205.5,-3254.75
0,85600,PINA_COLADAS,15205.0,106.0,,,,,15208.0,106.0,,,,,15206.5,-3267.0
0,85700,PINA_COLADAS,15202.0,75.0,,,,,15205.0,21.0,15206.0,54.0,,,15203.5,-2597.5
0,85800,PINA_COLADAS,15208.0,33.0,15207.0,55.0,,,15211.0,88.0,,,,,15209.5,-3829.25
0,85900,PINA_COLADAS,15209.0,98.0,,,,,15212.0,98.0,,,,,15210.5,-4190.5
0,86000,PINA_COLADAS,15213.0,25.0,15212.0,81.0,,,15215.0,81.0,,,,,15214.0,-4802.25
0,86100,PINA_COLADAS,15217.0,90.0,,,,,15220.0,90.0,,,,,15218.5,-5954.25
0,86200,PINA_COLADAS,15215.0,99.0,,,,,15218.0,99.0,,,,,15216.5,-5509.25
0,86300,PINA_COLADAS,15216.0,86.0,,,,,15219.0,86.0,,,,,15217.5,-5756.0
0,86400,PINA_COLADAS,15214.0,98.0,,,,,15217.0,98.0,,,,,15215.5,-5297.25
0,86500,PINA_COLADAS,15212.0,92.0,,,,,15215.0,20.0,15216.0,72.0,,,15213.5,-4907.0
0,86600,PINA_COLADAS,15217.0,24.0,15216.0,24.0,15215.0,53.0,15218.0,24.0,15219.0,53.0,,,15217.5,-5635.5
0,86700,PINA_COLADAS,15217.0,38.0,15216.0,58.0,,,15219.0,38.0,15220.0,58.0,,,15218.0,-5871.5
0,86800,PINA_COLADAS,15217.0,104.0,,,,,15220.0,104.0,,,,,15218.5,-6045.5
0,86900,PINA_COLADAS,15221.0,33.0,15220.0,64.0,,,15223.0,33.0,15224.0,64.0,,,15222.0,-6786.0
0,87000,PINA_COLADAS,15220.0,113.0,,,,,15223.0,113.0,,,,,15221.5,-6652.5
0,87100,PINA_COLADAS,15221.0,75.0,,,,,15224.0,75.0,,,,,15222.5,-6864.0
0,87200,PINA_COLADAS,15222.0,95.0,,,,,15225.0,95.0,,,,,15223.5,-7137.25
0,87300,PINA_COLADAS,15221.0,85.0,,,,,15224.0,27.0,15225.0,58.0,,,15222.5,-7002.5
0,87400,PINA_COLADAS,15220.0,80.0,,,,,15223.0,80.0,,,,,15221.5,-6691.25
0,87500,PINA_COLADAS,15223.0,20.0,15222.0,61.0,,,15225.0,20.0,15226.0,61.0,,,15224.0,-7273.75
0,87600,PINA_COLADAS,15223.0,31.0,15222.0,69.0,,,15226.0,100.0,,,,,15224.5,-7315.25
0,87700,PINA_COLADAS,15223.0,96.0,,,,,15226.0,30.0,15227.0,66.0,,,15224.5,-7457.75
0,87800,PINA_COLADAS,15222.0,78.0,,,,,15225.0,78.0,,,,,15223.5,-7096.5
0,87900,PINA_COLADAS,15224.0,109.0,,,,,15227.0,109.0,,,,,15225.5,-7683.25
0,88000,PINA_COLADAS,15226.0,104.0,,,,,15229.0,104.0,,,,,15227.5,-8139.75
0,88100,PINA_COLADAS,15229.0,98.0,,,,,15232.0,98.0,,,,,15230.5,-8752.25
0,88200,PINA_COLADAS,15229.0,100.0,,,,,15232.0,100.0,,,,,15230.5,-8813.75
0,88300,PINA_COLADAS,15229.0,100.0,,,,,15232.0,100.0,,,,,15230.5,-8723.25
0,88400,PINA_COLADAS,15233.0,77.0,,,,,15236.0,77.0,,,,,15234.5,-9767.5
0,88500,PINA_COLADAS,15235.0,92.0,,,,,15238.0,92.0,,,,,15236.5,-10244.75
0,88600,PINA_COLADAS,15235.0,102.0,,,,,15238.0,102.0,,,,,15236.5,-10192.0
0,88700,PINA_COLADAS,15236.0,34.0,15235.0,70.0,,,15239.0,104.0,,,,,15237.5,-10368.75
0,88800,PINA_COLADAS,15235.0,89.0,,,,,15238.0,89.0,,,,,15236.5,-10157.5
0,88900,PINA_COLADAS,15233.0,106.0,,,,,15236.0,35.0,15237.0,71.0,,,15234.5,-9810.0
0,89000,PINA_COLADAS,15236.0,25.0,15235.0,53.0,,,15238.0,25.0,15239.0,53.0,,,15237.0,-10318.75
0,89100,PINA_COLADAS,15236.0,81.0,,,,,15239.0,81.0,,,,,15237.5,-10429.5
0,89200,PINA_COLADAS,15235.0,96.0,,,,,15238.0,96.0,,,,,15236.5,-10234.0
0,89300,PINA_COLADAS,15239.0,25.0,15238.0,59.0,,,15241.0,25.0,15242.0,59.0,,,15240.0,-11016.0
0,89400,PINA_COLADAS,15243.0,82.0,,,,,15246.0,82.0,,,,,15244.5,-12091.5
0,89500,PINA_COLADAS,15245.0,88.0,,,,,15248.0,88.0,,,,,15246.5,-12541.25
0,89600,PINA_COLADAS,15245.0,23.0,15244.0,55.0,,,15248.0,78.0,,,,,15246.5,-12485.25
0,89700,PINA_COLADAS,15243.0,94.0,,,,,15246.0,94.0,,,,,15244.5,-12154.75
0,89800,PINA_COLADAS,15242.0,99.0,,,,,15245.0,99.0,,,,,15243.5,-11867.0
0,89900,PINA_COLADAS,15240.0,21.0,15239.0,65.0,,,15242.0,21.0,15243.0,65.0,,,15241.0,-11276.25
0,90000,PINA_COLADAS,15239.0,89.0,,,,,15242.0,89.0,,,,,15240.5,-11088.5
0,90100,PINA_COLADAS,15238.0,35.0,15237.0,61.0,,,15241.0,96.0,,,,,15239.5,-10818.5
0,90200,PINA_COLADAS,15237.0,96.0,,,,,15240.0,96.0,,,,,15238.5,-10704.75
0,90300,PINA_COLADAS,15237.0,92.0,,,,,15240.0,92.0,,,,,15238.5,-10648.25
0,90400,PINA_COLADAS,15238.0,75.0,,,,,15241.0,75.0,,,,,15239.5,-10967.25
0,90500,PINA_COLADAS,15239.0,20.0,15238.0,55.0,,,15241.0,20.0,15242.0,55.0,,,15240.0,-11032.75
0,90600,PINA_COLADAS,15242.0,85.0,,,,,15245.0,31.0,15246.0,54.0,,,15243.5,-11959.25
0,90700,PINA_COLADAS,15242.0,25.0,15241.0,51.0,,,15244.0,25.0,15245.0,51.0,,,15243.0,-11737.0
0,90800,PINA_COLADAS,15243.0,105.0,,,,,15246.0,35.0,15247.0,70.0,,,15244.5,-12185.5
0,90900,PINA_COLADAS,15244.0,23.0,15243.0,64.0,,,15246.0,23.0,15247.0,64.0,,,15245.0,-12226.25
0,91000,PINA_COLADAS,15243.0,92.0,,,,,15246.0,92.0,,,,,15244.5,-12184.5
0,91100,PINA_COLADAS,15244.0,105.0,,,,,15247.0,105.0,,,,,15245.5,-12323.0
0,91200,PINA_COLADAS,15245.0,112.0,,,,,15248.0,38.0,15249.0,74.0,,,15246.5,-12675.25
0,91300,PINA_COLADAS,15248.0,104.0,,,,,15251.0,104.0,,,,,15249.5,-13304.75
0,91400,PINA_COLADAS,15249.0,98.0,,,,,15252.0,98.0,,,,,15250.5,-13527.75
0,91500,PINA_COLADAS,15249.0,39.0,15248.0,51.0,,,15252.0,90.0,,,,,15250.5,-13490.25
0,91600,PINA_COLADAS,15245.0,71.0,,,,,15248.0,71.0,,,,,15246.5,-12616.75
0,91700,PINA_COLADAS,15244.0,87.0,,,,,15247.0,87.0,,,,,15245.5,-12333.75
0,91800,PINA_COLADAS,15244.0,100.0,,,,,15245.0,39.0,15247.0,100.0,,,15244.5,-12371.25
0,91900,PINA_COLADAS,15244.0,30.0,15243.0,51.0,,,15246.0,30.0,15247.0,51.0,,,15245.0,-12237.5
0,92000,PINA_COLADAS,15243.0,25.0,15242.0,53.0,,,15245.0,25.0,15246.0,53.0,,,15244.0,-11990.5
0,92100,PINA_COLADAS,15241.0,25.0,15240.0,59.0,,,15243.0,25.0,15244.0,59.0,,,15242.0,-11535.5
0,92200,PINA_COLADAS,15238.0,29.0,15237.0,53.0,,,15241.0,82.0,,,,,15239.5,-10840.75
0,92300,PINA_COLADAS,15239.0,99.0,,,,,15242.0,99.0,,,,,15240.5,-11209.25
0,92400,PINA_COLADAS,15241.0,88.0,,,,,15244.0,88.0,,,,,15242.5,-11671.0
0,92500,PINA_COLADAS,15240.0,99.0,,,,,15243.0,99.0,,,,,15241.5,-11363.25
0,92600,PINA_COLADAS,15239.0,32.0,15238.0,62.0,,,15241.0,32.0,15242.0,62.0,,,15240.0,-11025.25
0,92700,PINA_COLADAS,15235.0,30.0,15234.0,68.0,,,15238.0,98.0,,,,,15236.5,-10083.0
0,92800,PINA_COLADAS,15233.0,110.0,,,,,15236.0,110.0,,,,,15234.5,-9722.0
0,92900,PINA_COLADAS,15232.0,89.0,,,,,15235.0,21.0,15236.0,68.0,,,15233.5,-9519.5
0,93000,PINA_COLADAS,15231.0,90.0,,,,,15234.0,90.0,,,,,15232.5,-9189.5
0,93100,PINA_COLADAS,15232.0,81.0,,,,,15235.0,81.0,,,,,15233.5,-9407.75
0,93200,PINA_COLADAS,15232.0,92.0,,,,,15235.0,92.0,,,,,15233.5,-9392.75
0,93300,PINA_COLADAS,15230.0,31.0,15229.0,62.0,,,15232.0,31.0,15233.0,62.0,,,15231.0,-8836.25
0,93400,PINA_COLADAS,15230.0,32.0,15229.0,50.0,,,15232.0,32.0,15233.0,50.0,,,15231.0,-8858.25
0,93500,PINA_COLADAS,15230.0,98.0,,,,,15233.0,98.0,,,,,15231.5,-8968.5
0,93600,PINA_COLADAS,15232.0,96.0,,,,,15235.0,96.0,,,,,15233.5,-9434.5
0,93700,PINA_COLADAS,15233.0,82.0,,,,,15236.0,25.0,15237.0,57.0,,,15234.5,-9770.75
0,93800,PINA_COLADAS,15231.0,89.0,,,,,15234.0,89.0,,,,,15232.5,-9214.0
0,93900,PINA_COLADAS,15228.0,100.0,,,,,15231.0,100.0,,,,,15229.5,-8516.75
0,94000,PINA_COLADAS,15226.0,27.0,15225.0,69.0,,,15229.0,96.0,,,,,15227.5,-7919.0
0,94100,PINA_COLADAS,15229.0,28.0,15228.0,86.0,,,15231.0,86.0,,,,,15230.0,-8440.5
0,94200,PINA_COLADAS,15227.0,76.0,,,,,15230.0,76.0,,,,,15228.5,-8201.0
0,94300,PINA_COLADAS,15225.0,109.0,,,,,15228.0,109.0,,,,,15226.5,-7769.5
0,94400,PINA_COLADAS,15228.0,90.0,,,,,15231.0,25.0,15232.0,65.0,,,15229.5,-8559.0
0,94500,PINA_COLADAS,15227.0,105.0,,,,,15230.0,105.0,,,,,15228.5,-8293.0
0,94600,PINA_COLADAS,15225.0,89.0,,,,,15226.0,38.0,15228.0,89.0,,,15225.5,-7684.75
0,94700,PINA_COLADAS,15222.0,86.0,,,,,15225.0,86.0,,,,,15223.5,-6975.0
0,94800,PINA_COLADAS,15221.0,29.0,15220.0,67.0,,,15223.0,29.0,15224.0,67.0,,,15222.0,-6645.75
0,94900,PINA_COLADAS,15218.0,33.0,15217.0,106.0,,,15220.0,106.0,,,,,15219.0,-5784.75
0,95000,PINA_COLADAS,15215.0,102.0,,,,,15218.0,102.0,,,,,15216.5,-5351.75
0,95100,PINA_COLADAS,15215.0,94.0,,,,,15218.0,94.0,,,,,15216.5,-5255.0
0,95200,PINA_COLADAS,15217.0,63.0,15216.0,57.0,,,15219.0,38.0,15220.0,57.0,,,15218.0,-5679.5
0,95300,PINA_COLADAS,15215.0,115.0,,,,,15218.0,115.0,,,,,15216.5,-5288.5
0,95400,PINA_COLADAS,15218.0,23.0,15217.0,57.0,,,15220.0,23.0,15221.0,57.0,,,15219.0,-5912.75
0,95500,PINA_COLADAS,15214.0,95.0,,,,,15217.0,95.0,,,,,15215.5,-5093.5
0,95600,PINA_COLADAS,15216.0,89.0,,,,,15219.0,21.0,15220.0,68.0,,,15217.5,-5659.0
0,95700,PINA_COLADAS,15215.0,90.0,,,,,15218.0,90.0,,,,,15216.5,-5324.0
0,95800,PINA_COLADAS,15213.0,29.0,15212.0,65.0,,,15215.0,29.0,15216.0,65.0,,,15214.0,-4728.25
0,95900,PINA_COLADAS,15211.0,29.0,15210.0,70.0,,,15214.0,99.0,,,,,15212.5,-4263.5
0,96000,PINA_COLADAS,15211.0,78.0,,,,,15212.0,19.0,15214.0,78.0,,,15211.5,-4376.0
0,96100,PINA_COLADAS,15209.0,27.0,15208.0,103.0,,,15211.0,103.0,,,,,15210.0,-3644.5
0,96200,PINA_COLADAS,15212.0,75.0,,,,,15215.0,90.0,,,,,15213.5,-4617.25
0,96300,PINA_COLADAS,15214.0,35.0,15213.0,52.0,,,15216.0,35.0,15217.0,52.0,,,15215.0,-5036.25
0,96400,PINA_COLADAS,15217.0,87.0,,,,,15218.0,14.0,15220.0,87.0,,,15217.5,-6047.75
0,96500,PINA_COLADAS,15217.0,100.0,,,,,15220.0,100.0,,,,,15218.5,-5998.0
0,96600,PINA_COLADAS,15220.0,92.0,,,,,15223.0,30.0,15224.0,62.0,,,15221.5,-6864.25
0,96700,PINA_COLADAS,15221.0,35.0,15220.0,56.0,,,15222.0,39.0,15223.0,35.0,15224.0,56.0,15221.5,-6925.25
0,96800,PINA_COLADAS,15218.0,96.0,,,,,15221.0,27.0,15222.0,69.0,,,15219.5,-6323.25
0,96900,PINA_COLADAS,15219.0,88.0,,,,,15222.0,88.0,,,,,15220.5,-6454.5
0,97000,PINA_COLADAS,15221.0,97.0,,,,,15224.0,97.0,,,,,15222.5,-6984.5
0,97100,PINA_COLADAS,15222.0,109.0,,,,,15225.0,109.0,,,,,15223.5,-7271.0
0,97200,PINA_COLADAS,15220.0,78.0,,,,,15223.0,23.0,15224.0,55.0,,,15221.5,-6885.75
0,97300,PINA_COLADAS,15219.0,40.0,15218.0,59.0,,,15222.0,99.0,,,,,15220.5,-6408.5
0,97400,PINA_COLADAS,15220.0,23.0,15219.0,64.0,,,15222.0,23.0,15223.0,64.0,,,15221.0,-6634.75
0,97500,PINA_COLADAS,15219.0,24.0,15218.0,72.0,,,15222.0,96.0,,,,,15220.5,-6418.0
0,97600,PINA_COLADAS,15218.0,32.0,15217.0,27.0,15216.0,66.0,15220.0,93.0,,,,,15219.0,-5868.25
0,97700,PINA_COLADAS,15219.0,95.0,,,,,15222.0,95.0,,,,,15220.5,-6467.0
0,97800,PINA_COLADAS,15223.0,88.0,,,,,15226.0,88.0,,,,,15224.5,-7656.5
0,97900,PINA_COLADAS,15224.0,20.0,15223.0,70.0,,,15226.0,20.0,15227.0,70.0,,,15225.0,-7705.5
0,98000,PINA_COLADAS,15226.0,32.0,15225.0,54.0,,,15229.0,86.0,,,,,15227.5,-8299.5
0,98100,PINA_COLADAS,15226.0,79.0,,,,,15229.0,79.0,,,,,15227.5,-8356.75
0,98200,PINA_COLADAS,15228.0,95.0,,,,,15231.0,95.0,,,,,15229.5,-8956.5
0,98300,PINA_COLADAS,15232.0,108.0,,,,,15235.0,108.0,,,,,15233.5,-9968.5
0,98400,PINA_COLADAS,15232.0,29.0,15231.0,56.0,,,15235.0,85.0,,,,,15233.5,-9898.0
0,98500,PINA_COLADAS,15232.0,93.0,,,,,15235.0,93.0,,,,,15233.5,-9991.5
0,98600,PINA_COLADAS,15232.0,94.0,,,,,15233.0,27.0,15235.0,94.0,,,15232.5,-9987.0
0,98700,PINA_COLADAS,15233.0,24.0,15232.0,75.0,,,15235.0,24.0,15236.0,75.0,,,15234.0,-10149.5
0,98800,PINA_COLADAS,15234.0,100.0,,,,,15237.0,100.0,,,,,15235.5,-10619.75
0,98900,PINA_COLADAS,15234.0,80.0,,,,,15237.0,80.0,,,,,15235.5,-10615.75
0,99000,PINA_COLADAS,15232.0,95.0,,,,,15235.0,95.0,,,,,15233.5,-10050.25
0,99100,PINA_COLADAS,15235.0,81.0,,,,,15238.0,81.0,,,,,15236.5,-10819.75
0,99200,PINA_COLADAS,15235.0,20.0,15234.0,75.0,,,15237.0,20.0,15238.0,75.0,,,15236.0,-10660.25
0,99300,PINA_COLADAS,15234.0,81.0,,,,,15237.0,81.0,,,,,15235.5,-10521.25
0,99400,PINA_COLADAS,15233.0,86.0,,,,,15234.0,23.0,15236.0,86.0,,,15233.5,-10231.25
0,99500,PINA_COLADAS,15235.0,24.0,15234.0,68.0,,,15237.0,24.0,15238.0,68.0,,,15236.0,-10676.25
0,99600,PINA_COLADAS,15232.0,35.0,15231.0,73.0,,,15235.0,108.0,,,,,15233.5,-9910.5
0,99700,PINA_COLADAS,15231.0,97.0,,,,,15234.0,97.0,,,,,15232.5,-9715.0
0,99800,PINA_COLADAS,15232.0,92.0,,,,,15235.0,92.0,,,,,15233.5,-9968.75
0,99900,PINA_COLADAS,15232.0,30.0,15231.0,54.0,,,15235.0,84.0,,,,,15233.5,-9899.5
0,100000,PINA_COLADAS,15233.0,97.0,,,,,15236.0,97.0,,,,,15234.5,-10348.0
0,100100,PINA_COLADAS,15232.0,112.0,,,,,15235.0,37.0,15236.0,75.0,,,15233.5,-10106.75
0,100200,PINA_COLADAS,15234.0,28.0,15233.0,54.0,,,15236.0,28.0,15237.0,54.0,,,15235.0,-10429.5
0,100300,PINA_COLADAS,15234.0,35.0,15233.0,72.0,,,15236.0,35.0,15237.0,72.0,,,15235.0,-10402.5
0,100400,PINA_COLADAS,15236.0,96.0,,,,,15239.0,96.0,,,,,15237.5,-11125.25
0,100500,PINA_COLADAS,15236.0,95.0,,,,,15239.0,95.0,,,,,15237.5,-11009.0
0,100600,PINA_COLADAS,15236.0,28.0,15235.0,73.0,,,15238.0,28.0,15239.0,73.0,,,15237.0,-10963.25
0,100700,PINA_COLADAS,15234.0,103.0,,,,,15237.0,103.0,,,,,15235.5,-10513.0
0,100800,PINA_COLADAS,15235.0,82.0,,,,,15238.0,82.0,,,,,15236.5,-10788.25
0,100900,PINA_COLADAS,15234.0,90.0,,,,,15237.0,90.0,,,,,15235.5,-10477.75
0,101000,PINA_COLADAS,15237.0,90.0,,,,,15240.0,90.0,,,,,15238.5,-11390.75
0,101100,PINA_COLADAS,15236.0,91.0,,,,,15239.0,91.0,,,,,15237.5,-11060.75
0,101200,PINA_COLADAS,15236.0,76.0,,,,,15239.0,76.0,,,,,15237.5,-11131.25
0,101300,PINA_COLADAS,15236.0,80.0,,,,,15239.0,80.0,,,,,15237.5,-11134.0
0,101400,PINA_COLADAS,15235.0,86.0,,,,,15238.0,86.0,,,,,15236.5,-10740.25
0,101500,PINA_COLADAS,15237.0,74.0,,,,,15240.0,74.0,,,,,15238.5,-11393.25
0,101600,PINA_COLADAS,15236.0,26.0,15235.0,62.0,,,15239.0,88.0,,,,,15237.5,-11005.0
0,101700,PINA_COLADAS,15234.0,75.0,,,,,15237.0,75.0,,,,,15235.5,-10496.75
0,101800,PINA_COLADAS,15234.0,85.0,,,,,15237.0,85.0,,,,,15235.5,-10603.5
0,101900,PINA_COLADAS,15236.0,23.0,15235.0,71.0,,,15238.0,23.0,15239.0,71.0,,,15237.0,-10956.5
0,102000,PINA_COLADAS,15237.0,82.0,,,,,15238.0,35.0,15240.0,82.0,,,15237.5,-11297.0
0,102100,PINA_COLADAS,15239.0,24.0,15238.0,53.0,,,15242.0,77.0,,,,,15240.5,-11789.5
0,102200,PINA_COLADAS,15237.0,87.0,,,,,15240.0,87.0,,,,,15238.5,-11297.5
0,102300,PINA_COLADAS,15237.0,26.0,15236.0,61.0,,,15239.0,35.0,15240.0,61.0,,,15238.0,-11231.5
0,102400,PINA_COLADAS,15240.0,105.0,,,,,15243.0,105.0,,,,,15241.5,-12154.0
0,102500,PINA_COLADAS,15239.0,33.0,15238.0,62.0,,,15242.0,95.0,,,,,15240.5,-11813.5
0,102600,PINA_COLADAS,15241.0,48.0,15240.0,36.0,15239.0,70.0,15243.0,106.0,,,,,15242.0,-12094.0
0,102700,PINA_COLADAS,15239.0,105.0,,,,,15242.0,34.0,15243.0,71.0,,,15240.5,-12011.5
0,102800,PINA_COLADAS,15240.0,102.0,,,,,15243.0,102.0,,,,,15241.5,-12137.0
0,102900,PINA_COLADAS,15240.0,95.0,,,,,15241.0,20.0,15243.0,95.0,,,15240.5,-12275.0
0,103000,PINA_COLADAS,15237.0,94.0,,,,,15240.0,94.0,,,,,15238.5,-11357.0
0,103100,PINA_COLADAS,15240.0,83.0,,,,,15243.0,83.0,,,,,15241.5,-12219.0
0,103200,PINA_COLADAS,15242.0,86.0,,,,,15245.0,86.0,,,,,15243.5,-12769.5
0,103300,PINA_COLADAS,15240.0,32.0,15239.0,55.0,,,15242.0,32.0,15243.0,55.0,,,15241.0,-12040.5
0,103400,PINA_COLADAS,15238.0,103.0,,,,,15241.0,103.0,,,,,15239.5,-11712.5
0,103500,PINA_COLADAS,15239.0,21.0,15238.0,71.0,,,15240.0,33.0,15241.0,21.0,15242.0,71.0,15239.5,-11800.5
0,103600,PINA_COLADAS,15237.0,110.0,,,,,15240.0,110.0,,,,,15238.5,-11422.0
0,103700,PINA_COLADAS,15240.0,91.0,,,,,15243.0,37.0,15244.0,54.0,,,15241.5,-12309.5
0,103800,PINA_COLADAS,15240.0,99.0,,,,,15243.0,99.0,,,,,15241.5,-12244.5
0,103900,PINA_COLADAS,15241.0,32.0,15240.0,75.0,,,15243.0,32.0,15244.0,75.0,,,15242.0,-12363.0
0,104000,PINA_COLADAS,15240.0,101.0,,,,,15243.0,101.0,,,,,15241.5,-12254.5
0,104100,PINA_COLADAS,15239.0,102.0,,,,,15242.0,102.0,,,,,15240.5,-11960.5
0,104200,PINA_COLADAS,15243.0,95.0,,,,,15246.0,23.0,15247.0,72.0,,,15244.5,-13131.5
0,104300,PINA_COLADAS,15245.0,77.0,,,,,15248.0,77.0,,,,,15246.5,-13614.5
0,104400,PINA_COLADAS,15244.0,98.0,,,,,15247.0,39.0,15248.0,59.0,,,15245.5,-13420.5
0,104500,PINA_COLADAS,15244.0,89.0,,,,,15247.0,89.0,,,,,15245.5,-13247.5
0,104600,PINA_COLADAS,15241.0,100.0,,,,,15244.0,100.0,,,,,15242.5,-12455.0
0,104700,PINA_COLADAS,15241.0,83.0,,,,,15244.0,83.0,,,,,15242.5,-12490.0
0,104800,PINA_COLADAS,15238.0,90.0,,,,,15241.0,90.0,,,,,15239.5,-11576.0
0,104900,PINA_COLADAS,15233.0,35.0,15232.0,60.0,,,15236.0,95.0,,,,,15234.5,-10160.5
0,105000,PINA_COLADAS,15230.0,89.0,,,,,15233.0,27.0,15234.0,62.0,,,15231.5,-9518.0
0,105100,PINA_COLADAS,15229.0,24.0,15228.0,53.0,,,15231.0,24.0,15232.0,53.0,,,15230.0,-9006.5
0,105200,PINA_COLADAS,15231.0,86.0,,,,,15234.0,86.0,,,,,15232.5,-9634.5
0,105300,PINA_COLADAS,15233.0,28.0,15232.0,61.0,,,15235.0,28.0,15236.0,61.0,,,15234.0,-10097.5
0,105400,PINA_COLADAS,15232.0,86.0,,,,,15235.0,86.0,,,,,15233.5,-10046.0
0,105500,PINA_COLADAS,15231.0,89.0,,,,,15234.0,89.0,,,,,15232.5,-9714.0
0,105600,PINA_COLADAS,15230.0,91.0,,,,,15233.0,91.0,,,,,15231.5,-9356.5
0,105700,PINA_COLADAS,15232.0,95.0,,,,,15235.0,95.0,,,,,15233.5,-9928.5
0,105800,PINA_COLADAS,15233.0,90.0,,,,,15236.0,90.0,,,,,15234.5,-10249.5
0,105900,PINA_COLADAS,15230.0,20.0,15229.0,61.0,,,15232.0,20.0,15233.0,61.0,,,15231.0,-9280.5
0,106000,PINA_COLADAS,15227.0,38.0,15226.0,74.0,,,15229.0,38.0,15230.0,74.0,,,15228.0,-8456.0
0,106100,PINA_COLADAS,15224.0,98.0,,,,,15227.0,98.0,,,,,15225.5,-7747.0
0,106200,PINA_COLADAS,15219.0,83.0,,,,,15220.0,27.0,15222.0,83.0,,,15219.5,-6405.5
0,106300,PINA_COLADAS,15218.0,89.0,,,,,15221.0,89.0,,,,,15219.5,-6067.5
0,106400,PINA_COLADAS,15220.0,113.0,,,,,15223.0,113.0,,,,,15221.5,-6583.0
0,106500,PINA_COLADAS,15217.0,108.0,,,,,15220.0,108.0,,,,,15218.5,-5741.0
0,106600,PINA_COLADAS,15216.0,38.0,15215.0,72.0,,,15218.0,38.0,15219.0,72.0,,,15217.0,-5390.0
0,106700,PINA_COLADAS,15218.0,23.0,15217.0,74.0,,,15220.0,23.0,15221.0,74.0,,,15219.0,-5936.0
0,106800,PINA_COLADAS,15218.0,89.0,,,,,15221.0,89.0,,,,,15219.5,-6087.0
0,106900,PINA_COLADAS,15221.0,29.0,15220.0,72.0,,,15223.0,29.0,15224.0,72.0,,,15222.0,-6766.5
0,107000,PINA_COLADAS,15221.0,90.0,,,,,15222.0,30.0,15224.0,90.0,,,15221.5,-6874.5
0,107100,PINA_COLADAS,15221.0,32.0,15220.0,98.0,,,15223.0,98.0,,,,,15222.0,-6594.5
0,107200,PINA_COLADAS,15219.0,24.0,15218.0,54.0,,,15221.0,24.0,15222.0,54.0,,,15220.0,-6201.0
0,107300,PINA_COLADAS,15219.0,98.0,,,,,15222.0,98.0,,,,,15220.5,-6342.0
0,107400,PINA_COLADAS,15219.0,82.0,,,,,15222.0,89.0,,,,,15220.5,-6396.0
0,107500,PINA_COLADAS,15215.0,39.0,15214.0,73.0,,,15217.0,39.0,15218.0,73.0,,,15216.0,-5072.0
0,107600,PINA_COLADAS,15218.0,24.0,15217.0,60.0,,,15220.0,24.0,15221.0,60.0,,,15219.0,-5947.5
0,107700,PINA_COLADAS,15217.0,25.0,15216.0,66.0,,,15219.0,25.0,15220.0,66.0,,,15218.0,-5639.5
0,107800,PINA_COLADAS,15220.0,110.0,,,,,15223.0,110.0,,,,,15221.5,-6695.0
0,107900,PINA_COLADAS,15220.0,92.0,,,,,15223.0,92.0,,,,,15221.5,-6660.5
0,108000,PINA_COLADAS,15219.0,89.0,,,,,15222.0,31.0,15223.0,58.0,,,15220.5,-6486.5
0,108100,PINA_COLADAS,15218.0,93.0,,,,,15221.0,23.0,15222.0,70.0,,,15219.5,-6192.0
0,108200,PINA_COLADAS,15219.0,86.0,,,,,15222.0,86.0,,,,,15220.5,-6338.5
0,108300,PINA_COLADAS,15217.0,23.0,15216.0,74.0,,,15219.0,23.0,15220.0,74.0,,,15218.0,-5653.0
0,108400,PINA_COLADAS,15217.0,32.0,15216.0,95.0,,,15219.0,95.0,,,,,15218.0,-5529.5
0,108500,PINA_COLADAS,15220.0,108.0,,,,,15223.0,108.0,,,,,15221.5,-6659.5
0,108600,PINA_COLADAS,15221.0,96.0,,,,,15222.0,23.0,15224.0,96.0,,,15221.5,-6922.0
0,108700,PINA_COLADAS,15219.0,29.0,15218.0,50.0,,,15221.0,29.0,15222.0,50.0,,,15220.0,-6218.5
0,108800,PINA_COLADAS,15221.0,79.0,,,,,15224.0,79.0,,,,,15222.5,-6881.0
0,108900,PINA_COLADAS,15222.0,79.0,,,,,15225.0,79.0,,,,,15223.5,-7289.0
0,109000,PINA_COLADAS,15226.0,29.0,15225.0,71.0,,,15229.0,100.0,,,,,15227.5,-8251.5
0,109100,PINA_COLADAS,15226.0,101.0,,,,,15229.0,29.0,15230.0,72.0,,,15227.5,-8477.0
0,109200,PINA_COLADAS,15227.0,87.0,,,,,15230.0,87.0,,,,,15228.5,-8632.5
0,109300,PINA_COLADAS,15229.0,21.0,15228.0,63.0,,,15231.0,21.0,15232.0,63.0,,,15230.0,-9072.5
0,109400,PINA_COLADAS,15228.0,28.0,15227.0,74.0,,,15230.0,28.0,15231.0,74.0,,,15229.0,-8804.5
0,109500,PINA_COLADAS,15228.0,21.0,15227.0,67.0,,,15229.0,36.0,15231.0,88.0,,,15228.5,-8827.0
0,109600,PINA_COLADAS,15227.0,77.0,,,,,15230.0,77.0,,,,,15228.5,-8616.0
0,109700,PINA_COLADAS,15226.0,20.0,15225.0,51.0,,,15228.0,20.0,15229.0,51.0,,,15227.0,-8221.0
0,109800,PINA_COLADAS,15219.0,96.0,,,,,15222.0,96.0,,,,,15220.5,-6290.0
0,109900,PINA_COLADAS,15218.0,20.0,15217.0,51.0,,,15221.0,71.0,,,,,15219.5,-5959.0
0,110000,PINA_COLADAS,15221.0,89.0,,,,,15224.0,89.0,,,,,15222.5,-6892.0
0,110100,PINA_COLADAS,15219.0,98.0,,,,,15222.0,29.0,15223.0,69.0,,,15220.5,-6442.0
0,110200,PINA_COLADAS,15219.0,84.0,,,,,15222.0,84.0,,,,,15220.5,-6401.5
0,110300,PINA_COLADAS,15219.0,100.0,,,,,15222.0,100.0,,,,,15220.5,-6286.0
0,110400,PINA_COLADAS,15219.0,37.0,15218.0,93.0,,,15221.0,35.0,15222.0,58.0,,,15220.0,-6184.0
0,110500,PINA_COLADAS,15218.0,23.0,15217.0,65.0,,,15220.0,23.0,15221.0,65.0,,,15219.0,-5906.5
0,110600,PINA_COLADAS,15217.0,101.0,,,,,15220.0,36.0,15221.0,65.0,,,15218.5,-5879.5
0,110700,PINA_COLADAS,15218.0,29.0,15217.0,98.0,,,15220.0,98.0,,,,,15219.0,-5846.5
0,110800,PINA_COLADAS,15217.0,37.0,15216.0,52.0,,,15219.0,37.0,15220.0,52.0,,,15218.0,-5624.5
0,110900,PINA_COLADAS,15218.0,32.0,15217.0,56.0,,,15221.0,88.0,,,,,15219.5,-5978.0
0,111000,PINA_COLADAS,15218.0,98.0,,,,,15221.0,98.0,,,,,15219.5,-6078.0
0,111100,PINA_COLADAS,15219.0,26.0,15218.0,61.0,,,15222.0,87.0,,,,,15220.5,-6258.5
0,111200,PINA_COLADAS,15218.0,33.0,15217.0,60.0,,,15220.0,33.0,15221.0,60.0,,,15219.0,-5907.5
0,111300,PINA_COLADAS,15216.0,40.0,15215.0,71.0,,,15218.0,40.0,15219.0,71.0,,,15217.0,-5364.0
0,111400,PINA_COLADAS,15214.0,90.0,,,,,15217.0,90.0,,,,,15215.5,-4855.5
0,111500,PINA_COLADAS,15214.0,97.0,,,,,15217.0,27.0,15218.0,70.0,,,15215.5,-5008.0
0,111600,PINA_COLADAS,15216.0,36.0,15215.0,103.0,,,15218.0,103.0,,,,,15217.0,-5245.0
0,111700,PINA_COLADAS,15215.0,81.0,,,,,15218.0,81.0,,,,,15216.5,-5160.5
0,111800,PINA_COLADAS,15214.0,29.0,15213.0,63.0,,,15216.0,29.0,15217.0,63.0,,,15215.0,-4787.0
0,111900,PINA_COLADAS,15213.0,29.0,15212.0,74.0,,,15216.0,103.0,,,,,15214.5,-4541.0
0,112000,PINA_COLADAS,15210.0,77.0,,,,,15213.0,77.0,,,,,15211.5,-3819.5
0,112100,PINA_COLADAS,15210.0,101.0,,,,,15213.0,101.0,,,,,15211.5,-3781.5
0,112200,PINA_COLADAS,15211.0,102.0,,,,,15214.0,102.0,,,,,15212.5,-4084.0
0,112300,PINA_COLADAS,15214.0,81.0,,,,,15217.0,81.0,,,,,15215.5,-4903.0
0,112400,PINA_COLADAS,15212.0,92.0,,,,,15215.0,92.0,,,,,15213.5,-4365.5
0,112500,PINA_COLADAS,15216.0,102.0,,,,,15217.0,22.0,15219.0,28.0,15220.0,74.0,15216.5,-5610.5
0,112600,PINA_COLADAS,15217.0,38.0,15216.0,52.0,,,15220.0,90.0,,,,,15218.5,-5723.5
0,112700,PINA_COLADAS,15217.0,88.0,,,,,15218.0,39.0,15220.0,30.0,15221.0,58.0,15217.5,-5927.0
0,112800,PINA_COLADAS,15214.0,93.0,,,,,15217.0,93.0,,,,,15215.5,-4989.5
0,112900,PINA_COLADAS,15211.0,90.0,,,,,15214.0,90.0,,,,,15212.5,-4032.0
0,113000,PINA_COLADAS,15209.0,27.0,15208.0,61.0,,,15211.0,27.0,15212.0,61.0,,,15210.0,-3355.5
0,113100,PINA_COLADAS,15207.0,21.0,15206.0,51.0,,,15208.0,32.0,15209.0,21.0,15210.0,51.0,15207.5,-2770.5
0,113200,PINA_COLADAS,15211.0,111.0,,,,,15214.0,111.0,,,,,15212.5,-3990.5
0,113300,PINA_COLADAS,15213.0,95.0,,,,,15216.0,95.0,,,,,15214.5,-4683.5
0,113400,PINA_COLADAS,15219.0,23.0,15218.0,28.0,15217.0,53.0,15220.0,28.0,15221.0,53.0,,,15219.5,-5971.0
0,113500,PINA_COLADAS,15218.0,34.0,15217.0,63.0,,,15220.0,34.0,15221.0,63.0,,,15219.0,-5933.5
0,113600,PINA_COLADAS,15217.0,93.0,,,,,15220.0,93.0,,,,,15218.5,-5804.0
0,113700,PINA_COLADAS,15217.0,80.0,,,,,15220.0,24.0,15221.0,56.0,,,15218.5,-5912.0
0,113800,PINA_COLADAS,15218.0,112.0,,,,,15221.0,112.0,,,,,15219.5,-6082.0
0,113900,PINA_COLADAS,15215.0,105.0,,,,,15218.0,105.0,,,,,15216.5,-5193.0
0,114000,PINA_COLADAS,15216.0,34.0,15215.0,61.0,,,15218.0,34.0,15219.0,61.0,,,15217.0,-5354.5
0,114100,PINA_COLADAS,15216.0,20.0,15215.0,62.0,,,15219.0,82.0,,,,,15217.5,-5407.0
0,114200,PINA_COLADAS,15219.0,31.0,15218.0,103.0,,,15221.0,103.0,,,,,15220.0,-6170.5
0,114300,PINA_COLADAS,15216.0,102.0,,,,,15219.0,102.0,,,,,15217.5,-5557.5
0,114400,PINA_COLADAS,15217.0,78.0,,,,,15220.0,78.0,,,,,15218.5,-5778.5
0,114500,PINA_COLADAS,15218.0,27.0,15217.0,62.0,,,15220.0,27.0,15221.0,62.0,,,15219.0,-5943.5
0,114600,PINA_COLADAS,15220.0,79.0,,,,,15223.0,79.0,,,,,15221.5,-6660.0
0,114700,PINA_COLADAS,15218.0,30.0,15217.0,74.0,,,15220.0,30.0,15221.0,74.0,,,15219.0,-5947.0
0,114800,PINA_COLADAS,15218.0,38.0,15217.0,56.0,,,15220.0,38.0,15221.0,56.0,,,15219.0,-5953.0
0,114900,PINA_COLADAS,15212.0,106.0,,,,,15215.0,32.0,15216.0,74.0,,,15213.5,-4457.0
0,115000,PINA_COLADAS,15214.0,71.0,,,,,15217.0,71.0,,,,,15215.5,-5002.5
0,115100,PINA_COLADAS,15213.0,101.0,,,,,15216.0,101.0,,,,,15214.5,-4716.5
0,115200,PINA_COLADAS,15214.0,85.0,,,,,15217.0,85.0,,,,,15215.5,-4890.5
0,115300,PINA_COLADAS,15217.0,107.0,,,,,15220.0,34.0,15221.0,73.0,,,15218.5,-5893.0
0,115400,PINA_COLADAS,15215.0,20.0,15214.0,63.0,,,15218.0,83.0,,,,,15216.5,-5138.5
0,115500,PINA_COLADAS,15217.0,108.0,,,,,15220.0,108.0,,,,,15218.5,-5730.5
0,115600,PINA_COLADAS,15213.0,99.0,,,,,15216.0,99.0,,,,,15214.5,-4684.0
0,115700,PINA_COLADAS,15213.0,25.0,15212.0,57.0,,,15215.0,25.0,15216.0,57.0,,,15214.0,-4484.0
0,115800,PINA_COLADAS,15210.0,87.0,,,,,15213.0,87.0,,,,,15211.5,-3835.5
0,115900,PINA_COLADAS,15211.0,81.0,,,,,15214.0,81.0,,,,,15212.5,-4074.5
0,116000,PINA_COLADAS,15209.0,91.0,,,,,15212.0,91.0,,,,,15210.5,-3510.5
0,116100,PINA_COLADAS,15206.0,97.0,,,,,15209.0,97.0,,,,,15207.5,-2616.5
0,116200,PINA_COLADAS,15208.0,85.0,,,,,15211.0,85.0,,,,,15209.5,-3229.5
0,116300,PINA_COLADAS,15207.0,87.0,,,,,15210.0,87.0,,,,,15208.5,-2969.0
0,116400,PINA_COLADAS,15208.0,105.0,,,,,15211.0,105.0,,,,,15209.5,-3126.5
0,116500,PINA_COLADAS,15208.0,85.0,,,,,15211.0,25.0,15212.0,60.0,,,15209.5,-3296.0
0,116600,PINA_COLADAS,15213.0,88.0,,,,,15216.0,88.0,,,,,15214.5,-4626.0
0,116700,PINA_COLADAS,15216.0,30.0,15215.0,63.0,,,15219.0,93.0,,,,,15217.5,-5424.0
0,116800,PINA_COLADAS,15216.0,81.0,,,,,15219.0,81.0,,,,,15217.5,-5607.0
0,116900,PINA_COLADAS,15214.0,97.0,,,,,15217.0,97.0,,,,,15215.5,-4946.0
0,117000,PINA_COLADAS,15217.0,24.0,15216.0,74.0,,,15219.0,74.0,,,,,15218.0,-5450.5
0,117100,PINA_COLADAS,15217.0,23.0,15216.0,70.0,,,15220.0,93.0,,,,,15218.5,-5702.0
0,117200,PINA_COLADAS,15215.0,33.0,15214.0,57.0,,,15218.0,90.0,,,,,15216.5,-5130.0
0,117300,PINA_COLADAS,15215.0,106.0,,,,,15218.0,106.0,,,,,15216.5,-5202.5
0,117400,PINA_COLADAS,15215.0,83.0,,,,,15218.0,83.0,,,,,15216.5,-5159.0
0,117500,PINA_COLADAS,15214.0,32.0,15213.0,72.0,,,15217.0,104.0,,,,,15215.5,-4831.0
0,117600,PINA_COLADAS,15213.0,98.0,,,,,15216.0,98.0,,,,,15214.5,-4700.5
0,117700,PINA_COLADAS,15216.0,41.0,15215.0,62.0,,,15218.0,26.0,15219.0,62.0,,,15217.0,-5387.0
0,117800,PINA_COLADAS,15214.0,31.0,15213.0,60.0,,,15217.0,91.0,,,,,15215.5,-4844.5
0,117900,PINA_COLADAS,15213.0,85.0,,,,,15216.0,85.0,,,,,15214.5,-4637.0
0,118000,PINA_COLADAS,15218.0,39.0,15217.0,24.0,15216.0,56.0,15219.0,24.0,15220.0,56.0,,,15218.5,-5708.5
0,118100,PINA_COLADAS,15219.0,97.0,,,,,15220.0,33.0,15222.0,97.0,,,15219.5,-6433.5
0,118200,PINA_COLADAS,15222.0,87.0,,,,,15225.0,87.0,,,,,15223.5,-7376.0
0,118300,PINA_COLADAS,15220.0,79.0,,,,,15223.0,79.0,,,,,15221.5,-6839.5
0,118400,PINA_COLADAS,15219.0,73.0,,,,,15222.0,21.0,15223.0,52.0,,,15220.5,-6548.5
0,118500,PINA_COLADAS,15218.0,52.0,,,,,15219.0,2.0,15221.0,28.0,15222.0,52.0,15218.5,-6321.5
0,118600,PINA_COLADAS,15216.0,100.0,,,,,15219.0,100.0,,,,,15217.5,-5467.5
0,118700,PINA_COLADAS,15215.0,27.0,15214.0,64.0,,,15218.0,91.0,,,,,15216.5,-5034.0
0,118800,PINA_COLADAS,15214.0,22.0,15213.0,66.0,,,15217.0,88.0,,,,,15215.5,-4709.0
0,118900,PINA_COLADAS,15214.0,81.0,,,,,15217.0,81.0,,,,,15215.5,-4756.0
0,119000,PINA_COLADAS,15214.0,27.0,15213.0,69.0,,,15217.0,96.0,,,,,15215.5,-4713.0
0,119100,PINA_COLADAS,15214.0,85.0,,,,,15217.0,85.0,,,,,15215.5,-4769.5
0,119200,PINA_COLADAS,15212.0,31.0,15211.0,60.0,,,15215.0,91.0,,,,,15213.5,-4066.0
0,119300,PINA_COLADAS,15214.0,32.0,15213.0,68.0,,,15216.0,32.0,15217.0,68.0,,,15215.0,-4674.0
0,119400,PINA_COLADAS,15216.0,81.0,,,,,15219.0,81.0,,,,,15217.5,-5416.0
0,119500,PINA_COLADAS,15214.0,81.0,,,,,15217.0,81.0,,,,,15215.5,-4902.0
0,119600,PINA_COLADAS,15217.0,29.0,15216.0,74.0,,,15219.0,29.0,15220.0,74.0,,,15218.0,-5655.0
0,119700,PINA_COLADAS,15219.0,82.0,,,,,15222.0,22.0,15223.0,60.0,,,15220.5,-6631.0
0,119800,PINA_COLADAS,15214.0,84.0,,,,,15217.0,25.0,15218.0,59.0,,,15215.5,-4965.5
0,119900,PINA_COLADAS,15215.0,107.0,,,,,15218.0,107.0,,,,,15216.5,-5106.0
0,120000,PINA_COLADAS,15217.0,36.0,15216.0,73.0,,,15219.0,36.0,15220.0,73.0,,,15218.0,-5685.5
0,120100,PINA_COLADAS,15221.0,24.0,15220.0,52.0,,,15224.0,76.0,,,,,15222.5,-7038.0
0,120200,PINA_COLADAS,15221.0,75.0,,,,,15224.0,75.0,,,,,15222.5,-7094.5
0,120300,PINA_COLADAS,15221.0,35.0,15220.0,71.0,,,15224.0,106.0,,,,,15222.5,-7063.5
0,120400,PINA_COLADAS,15221.0,36.0,15220.0,66.0,,,15223.0,36.0,15224.0,66.0,,,15222.0,-7002.5
0,120500,PINA_COLADAS,15218.0,85.0,,,,,15221.0,85.0,,,,,15219.5,-6126.5
0,120600,PINA_COLADAS,15216.0,21.0,15215.0,56.0,,,15218.0,21.0,15219.0,56.0,,,15217.0,-5360.0
0,120700,PINA_COLADAS,15218.0,39.0,15217.0,62.0,,,15221.0,101.0,,,,,15219.5,-6056.0
0,120800,PINA_COLADAS,15220.0,96.0,,,,,15223.0,96.0,,,,,15221.5,-6749.5
0,120900,PINA_COLADAS,15220.0,99.0,,,,,15223.0,99.0,,,,,15221.5,-6835.5
0,121000,PINA_COLADAS,15223.0,103.0,,,,,15226.0,103.0,,,,,15224.5,-7776.5
0,121100,PINA_COLADAS,15221.0,85.0,,,,,15224.0,25.0,15225.0,60.0,,,15222.5,-7298.0
0,121200,PINA_COLADAS,15219.0,77.0,,,,,15222.0,20.0,15223.0,57.0,,,15220.5,-6604.5
0,121300,PINA_COLADAS,15220.0,80.0,,,,,15223.0,80.0,,,,,15221.5,-6750.0
0,121400,PINA_COLADAS,15224.0,97.0,,,,,15227.0,97.0,,,,,15225.5,-8230.5
0,121500,PINA_COLADAS,15225.0,85.0,,,,,15226.0,29.0,15228.0,85.0,,,15225.5,-8493.5
0,121600,PINA_COLADAS,15224.0,94.0,,,,,15227.0,94.0,,,,,15225.5,-8168.0
0,121700,PINA_COLADAS,15222.0,95.0,,,,,15225.0,95.0,,,,,15223.5,-7566.5
0,121800,PINA_COLADAS,15220.0,101.0,,,,,15223.0,31.0,15224.0,70.0,,,15221.5,-6963.0
0,121900,PINA_COLADAS,15220.0,94.0,,,,,15223.0,94.0,,,,,15221.5,-6749.0
0,122000,PINA_COLADAS,15222.0,37.0,15221.0,91.0,,,15224.0,91.0,,,,,15223.0,-7261.5
0,122100,PINA_COLADAS,15219.0,86.0,,,,,15222.0,86.0,,,,,15220.5,-6589.0
0,122200,PINA_COLADAS,15221.0,110.0,,,,,15224.0,110.0,,,,,15222.5,-7121.0
0,122300,PINA_COLADAS,15223.0,22.0,15222.0,66.0,,,15225.0,22.0,15226.0,66.0,,,15224.0,-7682.0
0,122400,PINA_COLADAS,15222.0,100.0,,,,,15225.0,100.0,,,,,15223.5,-7558.5
0,122500,PINA_COLADAS,15220.0,105.0,,,,,15223.0,105.0,,,,,15221.5,-6743.5
0,122600,PINA_COLADAS,15222.0,98.0,,,,,15223.0,38.0,15225.0,98.0,,,15222.5,-7564.0
0,122700,PINA_COLADAS,15223.0,107.0,,,,,15226.0,107.0,,,,,15224.5,-7855.5
0,122800,PINA_COLADAS,15225.0,85.0,,,,,15228.0,85.0,,,,,15226.5,-8571.0
0,122900,PINA_COLADAS,15222.0,97.0,,,,,15225.0,97.0,,,,,15223.5,-7447.5
0,123000,PINA_COLADAS,15224.0,81.0,,,,,15227.0,81.0,,,,,15225.5,-8215.5
0,123100,PINA_COLADAS,15227.0,82.0,,,,,15230.0,28.0,15231.0,54.0,,,15228.5,-9287.5
0,123200,PINA_COLADAS,15227.0,21.0,15226.0,74.0,,,15230.0,95.0,,,,,15228.5,-9068.5
0,123300,PINA_COLADAS,15225.0,24.0,15224.0,61.0,,,15227.0,24.0,15228.0,61.0,,,15226.0,-8314.0
0,123400,PINA_COLADAS,15224.0,40.0,15223.0,69.0,,,15227.0,109.0,,,,,15225.5,-8046.0
0,123500,PINA_COLADAS,15224.0,32.0,15223.0,72.0,,,15227.0,104.0,,,,,15225.5,-8037.5
0,123600,PINA_COLADAS,15224.0,85.0,,,,,15227.0,85.0,,,,,15225.5,-8152.0
0,123700,PINA_COLADAS,15226.0,77.0,,,,,15229.0,77.0,,,,,15227.5,-8862.0
0,123800,PINA_COLADAS,15226.0,99.0,,,,,15229.0,99.0,,,,,15227.5,-8923.0
0,123900,PINA_COLADAS,15231.0,21.0,15230.0,67.0,,,15234.0,88.0,,,,,15232.5,-10403.5
0,124000,PINA_COLADAS,15229.0,25.0,15228.0,73.0,,,15232.0,98.0,,,,,15230.5,-9728.0
0,124100,PINA_COLADAS,15230.0,101.0,,,,,15233.0,101.0,,,,,15231.5,-10253.5
0,124200,PINA_COLADAS,15230.0,84.0,,,,,15231.0,40.0,15233.0,84.0,,,15230.5,-10171.5
0,124300,PINA_COLADAS,15227.0,86.0,,,,,15230.0,86.0,,,,,15228.5,-9105.5
0,124400,PINA_COLADAS,15228.0,103.0,,,,,15231.0,103.0,,,,,15229.5,-9454.5
0,124500,PINA_COLADAS,15228.0,86.0,,,,,15231.0,86.0,,,,,15229.5,-9496.5
0,124600,PINA_COLADAS,15226.0,99.0,,,,,15229.0,99.0,,,,,15227.5,-8795.5
0,124700,PINA_COLADAS,15227.0,94.0,,,,,15230.0,94.0,,,,,15228.5,-9220.5
0,124800,PINA_COLADAS,15227.0,35.0,15226.0,72.0,,,15229.0,35.0,15230.0,72.0,,,15228.0,-8993.5
0,124900,PINA_COLADAS,15225.0,27.0,15224.0,73.0,,,15227.0,27.0,15228.0,73.0,,,15226.0,-8345.0
0,125000,PINA_COLADAS,15225.0,109.0,,,,,15228.0,38.0,15229.0,71.0,,,15226.5,-8608.5
0,125100,PINA_COLADAS,15226.0,88.0,,,,,15229.0,88.0,,,,,15227.5,-8757.0
0,125200,PINA_COLADAS,15223.0,84.0,,,,,15226.0,84.0,,,,,15224.5,-7795.5
